1503 2584
240 113 302 148 ιε,
486 111 701 147 Τυεουι.
734 92 1163 150 οιεΡυΤΛΤῙοΝυΜ

381 203 445 246 X.
503 204 627 248 Haec
646 204 708 246 sic
729 203 943 246 dicuntur
964 220 987 247 a
1008 206 1194 264 Stoicis,
1225 209 1414 251 conclu-

242 263 502 318 dunturque
530 259 793 302 contortius,
859 260 950 302 Sed
980 262 1115 304 latius
1141 272 1153 295 ¹
1184 264 1417 322 aliquanto·

244 317 437 362 dicenda
477 324 582 359 sunt
627 322 674 358 et
720 315 950 372 diffusius3
995 320 1227 363 sententiis
1262 330 1416 365 tamen

244 374 468 418 utendum
486 385 646 415 eorum
662 372 977 436 potissimum,
1004 374 1085 429 qui
1103 377 1303 419 maxime
1323 377 1417 419 for-

248 432 311 487 ti,
353 437 422 486 et,
459 436 510 470 ut
536 429 602 470 ita
628 427 802 482 dicam,
848 429 968 471 virili
1010 437 1204 475 utuntur
1243 434 1419 476 ratione
1483 436 1487 437 ⁷

246 494 380 545 atque
405 483 643 527 sententia.
719 482 843 526 Nam
863 484 1181 544 Peripatetici,
1223 489 1416 532 familia-

246 558 321 587 res
338 541 481 585 nostri
536 540 698 597 quibus
720 539 837 582 nihil
859 548 925 582 est
944 541 1151 598 uberius,
1177 544 1295 587 nihil
1315 559 1419 588 eru-

249 599 410 654 ditius,
435 573 552 640 nifnil
573 596 780 653 gravius,
806 597 1141 641 mediocritates
1171 606 1193 628 2
1221 602 1292 643 vel
1316 616 1418 656 per-

248 654 589 707 turbationum,
623 652 694 694 vel
714 652 980 694 morborum
1011 654 1153 696 animi
1178 655 1292 697 mihi
1324 672 1420 699 non

247 712 356 753 Sane
375 710 584 768 probant.
641 707 793 750 Omne
811 708 932 750 enim
951 708 1141 767 malum,
1171 711 1308 754 etiam
1325 726 1422 754 me-

251 766 429 820 diocre,
466 765 637 807 malum
666 770 684 797 ³
718 771 797 806 est.
857 764 955 807 Nos
981 767 1199 810 autemid
1219 768 1420 823 agimus,

250 830 305 867 ut
323 822 371 864 id
388 823 438 865 in
454 821 654 879 sapiente
673 819 854 862 nullum
874 820 932 862 sit
951 822 1153 866 omnino.
1217 823 1264 865 N
1268 839 1341 866 am
1369 832 1422 867 ut

251 892 444 935 corpus,
481 877 657 918 etiamsi
695 876 984 919 mediocriter
1017 893 1202 933 aegrum
1229 887 1319 936 est,
1353 895 1422 922 sa·

250 949 367 978 num
392 947 486 976 non
515 939 602 974 est:
652 931 717 973 sic
751 931 799 973 in
835 932 988 974 animo
1021 933 1106 975 ista
1138 935 1423 979 mediocritas

251 996 379 1033 caret
419 987 622 1031 sanitate.
698 986 857 1044 Itaque
894 989 1124 1045 praeclare
1160 992 1325 1047 nostri,
1371 1000 1422 1036 ut

251 1045 342 1089 alia
360 1044 528 1106 multa,
562 1043 843 1097 molestiam,
881 1043 1258 1103 sollicitudinem,
1286 1061 1425 1103 ango-

250 1116 375 1157 rem,
411 1106 600 1158 propter
627 1098 972 1142 similitudinem
998 1114 1246 1157 corporum
1268 1118 1426 1160 aegro-

250 1173 382 1213 rum,
412 1155 741 1213 aegritudinem
758 1155 1125 1200 nominaverunt.
1161 1159 1293 1201 *Hoc
1318 1173 1425 1216 pro-

251 1213 503 1273 pemodum
528 1211 668 1255 verbo
689 1211 858 1253 Graeci
886 1226 1069 1255 omnem
1089 1215 1230 1257 animi
1247 1224 1425 1272 pertur-

251 1282 482 1329 bationem
530 1277 774 1335 appellant.
857 1279 1043 1322 Vocant
1080 1282 1204 1325 enim
1242 1273 1421 1334 πάθος,

252 1338 303 1381 id
319 1345 408 1394 est,
435 1335 650 1378 morbum
662 1367 675 1390 ,
710 1334 983 1391 quicumque
1006 1345 1074 1380 est
1092 1346 1243 1380 motus
1260 1340 1310 1381 in
1328 1339 1424 1381 ani-

253 1408 332 1436 mo
360 1391 584 1436 turbidus.
655 1391 754 1433 Nos
782 1391 963 1447 melius;
1011 1396 1152 1450 aegris
1177 1394 1298 1436 enim
1325 1409 1424 1436 cor-

253 1450 442 1508 poribus
458 1446 690 1490 simillima
708 1455 773 1490 est
790 1447 930 1489 animi
949 1450 1195 1505 aegritudo.
1250 1451 1316 1493 At
1329 1465 1424 1493 non

256 1506 420 1553 similis
447 1503 762 1560 aegrotationis
791 1510 858 1545 est
882 1503 1050 1560 libido,
1089 1522 1182 1549 non
1200 1507 1426 1549 immode-

258 1569 356 1605 rata
379 1558 574 1614 laetitia,
611 1574 724 1616 quae
751 1567 818 1602 est
841 1559 1048 1618 voluptas
1077 1562 1219 1605 animi
1244 1563 1360 1604 elata
1378 1571 1424 1607 et

257 1617 466 1674 gestiens.
523 1616 624 1673 Ipso
649 1615 783 1658 etiam
811 1622 960 1658 metus
980 1633 1074 1659 non
1091 1625 1157 1660 est
1178 1619 1329 1661 morbi
1348 1621 1427 1662 ad-

257 1674 448 1717 modum
478 1671 659 1726 similis,
695 1685 969 1729 quamquam
997 1674 1269 1730 aegritudini
1290 1683 1356 1717 est
1374 1675 1427 1718 fi-

258 1730 475 1785 nitimus,
503 1728 580 1771 sed
598 1727 810 1785 proprie,
844 1736 896 1770 ut
913 1730 1161 1786 aegrotatio
1188 1730 1237 1773 in
1263 1746 1426 1789 corpo·-

261 1801 335 1839 re,
368 1786 432 1829 sic
453 1784 686 1842 aegritudo
703 1784 753 1827 in
772 1785 949 1839 animo,
985 1799 1152 1829 nomen
1177 1786 1313 1830 habet
1330 1804 1424 1830 non

259 1844 521 1886 seiunctum
538 1856 564 1884 a
583 1840 755 1884 dolore.
811 1840 997 1885 Doloris
1025 1842 1163 1900 igitur
1183 1843 1320 1886 huius
1340 1845 1430 1888 ori-

284 2000 492 2085 ιιρῑίἰίιεσισ
517 2005 575 2037 sie
601 2001 813 2039 Bentleius.
857 2002 985 2052 Vulgo
1009 1999 1105 2039 haee
1129 2002 1163 2040 oi
1181 2001 1354 2042 dicuntur
1377 2023 1424 2034 -

258 2059 281 2084 ο
331 2060 352 2082 a
383 2059 440 2082 ue.

303 2094 347 2137 2)
375 2092 674 2130 mediocritatem
694 2096 773 2130 Me.
794 2095 907 2130 Leid.

303 2141 348 2187 3)
376 2140 502 2187 Vulgo
522 2151 707 2197 magnum.
745 2142 821 2177 Sed
837 2139 1020 2180 Bohertus
1037 2153 1139 2181 recte
1155 2143 1328 2180 correxit
1345 2154 1422 2179 ιιι-

259 2186 358 2226 Ιυιιι,
382 2185 486 2234 quod
503 2197 645 2234 recepto
670 2186 799 2236 Wolf.
