1503 2584
272 141 341 177 26²
521 139 732 176 TUSCUL'.
757 139 1182 176 DISPUTATIONUM

279 234 425 277 Bruto
446 245 548 275 meo
567 234 770 287 videtur3
808 232 934 273 cuius
955 246 1038 288 ego
1058 232 1277 275 iudicium
1291 230 1307 290 ‚'
1367 248 1444 277 ace

284 296 362 330 tua
399 289 619 344 dixerim,
667 289 801 345 longe
834 296 1059 344 antepono
1087 298 1178 330 tuo.
1252 290 1308 332 A.
1386 305 1446 334 on

287 344 459 386 dubito.
527 345 626 386 Nec
653 344 698 385 id
723 359 844 387 nunc
873 345 1046 400 agitur,
1079 352 1128 386 tu
1154 345 1284 386 illum
1306 360 1448 402 quan·

285 408 381 443 tum
415 416 556 451 ames:
594 401 669 443 sed
699 401 810 455 hoc,
837 409 851 433 ¹
887 401 1005 456 quod
1033 401 1144 443 mihi
1165 401 1261 443 dixi
1279 401 1446 457 videri,

286 457 418 513 quale
457 457 536 512 sit,
583 458 637 498 de
666 472 755 513 quo
784 466 803 490 2
833 472 857 499 a
883 463 928 498 te
957 456 1176 510 disputari
1207 459 1320 500 volo.
1376 457 1445 501 Μ.

287 513 468 569 Nempe
506 529 639 570 negas
671 513 724 555 ad
755 513 882 556 beate
913 512 1151 554 vivendum
1177 515 1280 555 satis
1315 529 1446 579 posse

284 564 535 611 virtutem?
598 570 654 611 A.
684 569 870 612 Prorsus
898 582 1027 624 nego,
1096 569 1161 610 M.
1191 568 1349 625 Quid?
1387 571 1445 614 ad

285 631 434 679 recte,
471 625 680 679 honeste,
710 625 1013 679 laudabiliter,
1048 632 1274 680 postremo
1299 628 1351 669 ad
1373 627 1447 668 be-

284 696 343 722 ne
376 682 614 723 vivendum
643 682 804 724 satisne
832 688 897 723 est
923 681 1130 737 praesidii
1166 682 1214 723 in
1244 678 1446 725 virtute?

286 733 343 776 A.
372 737 505 778 Certe
524 737 640 777 satis.
698 738 762 778 M.
793 739 923 780 Potes
941 737 1103 792 igitur,
1132 745 1209 778 aut
1229 739 1307 793 qui
1327 738 1445 780 male

284 790 427 845 vivat,
462 807 556 834 non
585 806 688 833 eum
716 793 931 833 miserum
959 793 1130 844 dicere,
1169 801 1270 847 aut,
1303 808 1446 880 ‘ouem

284 845 398 887 bene
434 848 621 901 fateare,
664 862 768 888 eum
797 861 959 902 negare
988 845 1115 888 beate
1144 848 1317 891 vivere.
1384 851 1445 892 A.

283 900 462 956 Quidni
493 899 695 960 possim?
753 903 873 944 Nam
901 902 1037 943 etiam
1058 901 1103 943 in
1125 905 1359 946 tormentis
1378 920 1447 947 re-

285 963 381 1012 cte,
418 958 626 1014 honeste,
662 958 973 1012 laudabiliter,
1001 965 1045 998 et
1065 957 1122 999 ob
1140 972 1237 999 eam
1257 974 1353 1001 rem
1371 961 1447 1001 be-

285 1027 344 1054 ne
364 1014 455 1056 vivi
476 1023 636 1071 potest,
666 1014 912 1056 dummodo
929 1013 1170 1068 intelligas,
1199 1014 1304 1070 quid
1324 1031 1446 1058 nunc

284 1068 429 1111 dicam
460 1072 584 1114 bene.
660 1072 778 1112 Dico
805 1071 948 1124 enim,
986 1076 1265 1124 constanter,
1303 1073 1450 1128 gravi-

285 1131 377 1180 ier,
408 1128 655 1184 sapienter,
690 1126 879 1168 fortiter.
936 1126 1060 1167 Haec
1080 1126 1213 1167 etiam
1241 1128 1283 1168 iu
1307 1143 1448 1184 equu-

285 1179 408 1225 leum
432 1185 763 1233 coniiciuntur,
792 1198 880 1238 quo
897 1183 988 1223 vita
1016 1196 1108 1223 non
1127 1183 1326 1239 adspirat
1349 1185 1448 1226 bea-

282 1244 344 1278 ta.
402 1240 466 1282 M.
497 1241 616 1292 Quid
635 1237 810 1296 igitur?
850 1239 1004 1280 solane
1027 1238 1152 1280 beata
1172 1241 1284 1295 vita,
1313 1254 1447 1296 quae-

284 1306 361 1349 so,
398 1297 670 1353 relinquitur
699 1305 827 1338 extra
855 1295 1021 1337 ostium
1049 1294 1275 1359 limenque
1297 1311 1447 1338 carce-

284 1350 369 1414 ris,
397 1365 536 1409 quum
563 1353 834 1408 constantia,
862 1351 1078 1407 gravitas,
1105 1350 1349 1406 fortitudo,
1377 1367 1445 1393 sa·

283 1409 482 1465 pientia,
507 1410 794 1466 reliquaeque
814 1409 998 1450 virtutes
1019 1407 1253 1463 rapiantur
1271 1408 1327 1450 ad
1352 1415 1451 1450 tor-r
1502 1402 1503 1438 Ῑ

285 1469 458 1520 torem,
500 1465 764 1522 nullumque
794 1470 1000 1505 recusent
1035 1477 1116 1504 nec
1145 1464 1443 1519 supplicium,

285 1533 367 1560 nec
407 1517 644 1563 dolorem?
710 1522 770 1562 A.
808 1521 905 1572 Tu,
942 1520 979 1558 si
1008 1519 1116 1575 quid
1146 1533 1190 1571 es
1216 1520 1443 1576 facturus,

284 1589 398 1617 nova
428 1577 575 1634 aliqua
603 1577 837 1634 conquiras
864 1582 1059 1632 oportet.
1110 1574 1197 1615 Ista
1219 1590 1290 1616 me
1310 1577 1445 1618 mini·

284 1645 358 1672 me
378 1642 585 1689 movent,
622 1650 717 1676 non
745 1633 891 1674 solum
913 1631 1014 1687 quia
1034 1629 1298 1686 pervulgata
1316 1640 1445 1683 sunt,

285 1688 361 1728 sed
389 1690 533 1731 multo
559 1690 724 1743 magiS,
763 1689 886 1744 quia,
926 1695 1151 1743 tamquam
1182 1686 1289 1728 levia
1309 1702 1444 1744 quae-

285 1742 389 1785 dam
420 1745 520 1787 vina
552 1746 668 1788 nihil
693 1745 842 1786 valent
869 1745 918 1786 in
938 1757 1073 1799 aqua,
1101 1743 1162 1782 sic
1186 1743 1442 1786 Stoicorum

286 1799 365 1841 ista
406 1803 549 1858 magis
591 1808 789 1859 gustata,
834 1814 967 1857 quam
1006 1805 1160 1854 potata
1204 1799 1441 1841 delectant.

285 1855 429 1898 Velut
455 1859 537 1900 iste
567 1861 732 1900 chorus
759 1858 1002 1910 virtutum,
1029 1855 1077 1896 in
1098 1854 1337 1910 equuleum
1358 1855 1444 1896 im-

284 1915 483 1970 posimS,
517 1915 738 1969 imagines
769 1912 1001 1955 constituit
1028 1919 1129 1951 ante
1156 1911 1308 1952 oculos
1337 1926 1438 1952 cum

285 1971 558 2026 amplissima
586 1972 826 2029 dignitate,
860 1975 911 2012 ut
938 1968 993 2010 ad
1019 1981 1090 2009 eas
1109 1966 1272 2008 cursim
1289 1982 1443 2025 perre-

331 2122 371 2164 ¹)
396 2123 457 2156 Sic
485 2125 624 2158 Davis.
655 2122 750 2157 Ern.
789 2118 911 2163 Wolf.
940 2128 981 2152 ιιι
1010 2104 1064 2150 es}
1093 2117 1136 2150 in
1161 2116 1251 2163 Reg.
1275 2115 1378 2151 Pub.
1401 2125 1439 2150 et

287 2168 373 2203 edd.
399 2180 493 2203 vett.
515 2171 586 2204 alii
606 2169 668 2203 sed
694 2169 739 2201 de
762 2166 845 2200 hoc.

328 2216 370 2263 2)
395 2215 485 2250 Em.
510 2228 529 2248 e
549 2218 625 2251 Ms.
651 2216 793 2250 Elio-ns.
814 2212 921 2260 quale
939 2209 1005 2246 eit:
1036 2207 1082 2243 cle
1104 2219 1166 2243 eo-
