1503 2584
625 74 637 91 Ι

507 155 608 193 PRO
614 155 906 194 LEGOMENA.·
1237 171 1279 197 21

104 261 146 297 ta
164 256 208 295 in
227 255 384 293 virtute
404 252 477 300 sit,
516 252 623 292 nihil
644 267 749 299 esse,
785 254 863 292 nisi
883 255 1079 294 virtutem
1097 254 1267 297 bonum.

105 314 275 353 Brutum
304 316 439 348 autem
468 315 634 348 auctore
661 310 799 348 Aristo
826 316 868 349 et
893 311 1097 351 Antiocho
1124 314 1265 352 virtu-

102 375 183 407 tem
204 367 429 416 cninfbeata
448 366 535 403 vita
555 367 818 405 coniunctam
838 379 923 404 esse
941 364 1108 418 putare,
1137 369 1263 409 etiam

100 425 135 462 si
173 424 225 460 sit
259 424 410 460 bonum
442 422 608 472 aliquod
645 427 806 469 praeter
837 423 1046 462 virtutem.
1116 423 1260 464 Cicero

98 479 284 531 reponit,
320 479 397 515 sibi
424 478 474 515 de
507 491 552 515 ea
580 492 623 515 re
650 483 691 516 et
720 491 811 515 cum
845 479 1048 517 Antiocho
1075 494 1195 533 saepe
1217 488 1259 520 et

98 549 190 573 cum
214 535 401 572 Aristone·
421 534 716 571 dissensionem
739 535 885 582 fuisse,
925 536 1034 586 quod
1062 537 1145 575 sibi
1171 551 1256 578 non

94 591 308 630 videi-etur
338 590 551 641 quisquam
580 604 665 638 esse
697 591 836 628 beatus
866 604 1003 642 posse,
1050 606 1176 644 quum
1209 593 1255 636 in

41 683 49 687 .
95 648 212 686 malis
233 652 356 694 esset,
386 646 567 683 imnalis
588 652 723 683 autem
743 653 908 697 putaret
925 648 1149 699 sapientem
1169 663 1257 689 esse.

93 717 233 756 posse,
269 703 303 739 si
331 708 465 739 essent
493 702 575 739 ulla
604 702 787 753 corporis
817 708 888 740 aut
918 704 1108 743 fortunae
1137 706 1256 744 mala.

94 761 247 797 Contra
287 771 334 796 ea
372 764 412 795 et
448 757 604 796 dictum
642 759 692 796 ab
722 758 947 806 Antiocho,
985 765 1026 797 et
1053 763 1256 813 scriptum

90 815 374 866 compluribus
402 814 524 852 loeis:
562 815 761 852 virtutem
783 815 917 865 ipsam·
934 829 1008 867 per
1031 831 1071 854 se
1093 819 1253 856 beatam

89 871 218 910 vitam
248 871 405 908 efficere
434 883 572 921 posse,
621 884 751 921 neque
790 877 926 909 tamen
965 873 1254 913 beatissimam.

88 927 137 966 In
159 941 239 978 quo
253 926 396 964 Cicero
417 927 688 964 constantiam
709 927 926 964 desiderat.
984 929 1119 976 Quum
1140 931 1253 970 enim

88 984 152 1022 illi
180 982 417 1035 philosophi
449 983 528 1020 tria
558 996 705 1035 genera
735 984 936 1022 malorum
975 999 1061 1024 esse
1089 986 1257 1037 dicant,

87 1041 161 1091 qui
180 1040 353 1077 duorum
376 1052 570 1089 generum
591 1040 706 1076 malis
727 1040 917 1078 omnibus
938 1049 1175 1093 urgeantur,
1200 1050 1251 1083 ut

89 1097 227 1134 omnia
256 1096 427 1132 adversa
456 1095 542 1133 sint
564 1096 608 1133 in
635 1095 825 1144 fortuna,
861 1098 1050 1136 omnibus
1077 1113 1252 1151 oppres..

85 1167 177 1190 snm
207 1157 247 1187 et
271 1153 503 1188 conlectum
532 1156 680 1203 cofpus
712 1151 947 1200 doloribus,
978 1154 1036 1192 eis
1059 1154 1248 1194 <ticinen

85 1221 204 1262 posse
232 1206 416 1258 paullum
444 1206 495 1243 ad
516 1208 676 1244 beat-am
696 1207 824 1245 vitam
850 1209 999 1257 deesse,
1019 1223 1101 1248 non
1121 1211 1245 1249 modo

85 1264 137 1302 ad
173 1262 460 1301 beatissima-m.
491 1276 522 1299 e.
555 1264 591 1300 8.
664 1262 807 1312 ltaque
845 1267 1098 1304 constantius
1135 1273 1249 1305 certe

84 1317 416 1371 Theophrastum
436 1318 587 1355 dixisse
605 1318 649 1356 in
668 1324 801 1355 rotam
821 1320 981 1358 beatam
1002 1323 1129 1360 vitam
1158 1336 1249 1362 non

84 1375 316 1414 escendere.
365 1373 469 1411 Nam
487 1373 711 1426 Epicurum
730 1375 894 1424 quidem
915 1378 990 1415 sibi
1010 1377 1121 1416 haud
1142 1394 1246 1418 eon-

83 1438 240 1471 stanter
291 1430 666 1481 convenienterque
710 1431 846 1470 dicere
866 1461 876 1480 ,
932 1446 1064 1483 quum
1103 1439 1250 1488 neget,

83 1500 330 1540 quemqnam
346 1486 525 1524 ium-inde
544 1500 662 1539 posse
680 1485 823 1525 vivere
840 1489 1040 1527 nisi-idem
1059 1490 1252 1541 honeste,

80 1546 309 1597 sapienter,
349 1543 536 1593 iusteque
563 1543 679 1581 vivat
689 1571 702 1589 ,
734 1551 804 1582 aut
828 1558 955 1596 quum
977 1546 1087 1586 dicat
1103 1549 1242 1586 sortu-

78 1615 176 1639 nam
204 1600 394 1650 exi-guam
423 1598 679 1638 intervenire
715 1601 903 1651 sapienti.
978 1601 1084 1641 Nam
1113 1618 1241 1655 quum

80 1659 222 1697 beatus
252 1656 414 1693 dieat-ur
433 1655 466 1692 is
480 1684 490 1703 ,
527 1656 599 1707 qui
619 1655 673 1694 sit
689 1657 739 1694 in·
760 1657 878 1695 bonis
907 1657 1022 1696 nullo
1045 1661 1246 1700 adjuncto

79 1714 208 1760 malo,
248 1713 367 1763 eique
398 1713 524 1750 verba
552 1712 669 1749 nulla
688 1712 778 1750 ‘alia
804 1715 988 1753 subiecta
1020 1717 1133 1754 natio
1161 1718 1240 1767 sit',

80 1771 160 1809 nisi
190 1769 356 1807 secretis
390 1768 507 1806 malis
537 1769 750 1816 omnibus,
795 1771 1003 1809 cumulata
1032 1775 1237 1813 bonorum

79 1826 332 1877 complexio,
368 1824 476 1862 han-c
509 1826 668 1875 assequi
695 1826 913 1875 virtutem,
950 1828 984 1865 si
1011 1829 1237 1880 quidquam

77 1889 240 1936 praeter
259 1881 388 1933 ipsam
408 1881 505 1920 boni
525 1881 589 1925 si-t,
606 1895 690 1919 non
710 1895 840 1933 posse.
877 1884 1107 1923 Afluturam
1126 1887 1236 1925 enim

77 1952 184 1987 esse,
223 1939 261 1975 si
283 1937 390 1976 mala
406 1938 480 1976 illa
499 1937 694 1976 ducamus
708 1967 717 1985 ,
746 1941 909 1977 turbam
931 1942 1155 1991 quandam,
1187 1950 1237 1984 ut

77 2000 380 2047 paupertatem,
410 1994 735 2045 ignobilitatem,
759 1994 1058 2045 humilitatem,
1087 2000 1239 2038 solitu-

78 2051 239 2099 dinem,
275 2050 535 2089 amissionem
566 2064 756 2099 suorum,
792 2053 1123 2103 graves-dolores
1142 2070 1238 2094 cor-

78 2107 212 2159 poris,
238 2106 441 2158 perditam
464 2107 754 2155 valitudinem,
792 2108 1066 2158 debilitatem,
1105 2113 1237 2150 caeci-

78 2169 226 2214 tatem,
260 2163 476 2207 interitum
511 2165 691 2217 patriae,
734 2165 952 2216 exsilium,
994 2169 1239 2212 servitutem
