1503 2584
267 112 333 151 ψ
516 97 728 141 TUSCUL.
760 105 1186 144 msPUTA‘noNUM

270 207 345 242 tur
361 199 601 254 sequentia.
659 197 779 239 Nam
802 198 1044 241 videndum
1066 207 1131 242 est
1152 201 1198 241 in
1220 200 1435 257 utrisque,

270 271 327 306 ne
357 255 464 312 quid
495 255 685 308 humile,
723 255 1037 309 summissum,
1076 257 1238 306 molle,
1269 256 1438 298 effemi-

273 319 452 363 natum,
481 311 703 360 fractum,
731 310 1044 366 abiectumque
1064 311 1292 353 faciamus.
1349 313 1437 358 Sed

274 382 543 425 quamquam
574 367 629 419 de
657 366 794 421 ipsius
825 373 970 406 metus
996 367 1322 422 inconstantia,
1351 368 1438 409 im-

260 424 541 476 ,sbecillitatffi
569 422 750 464 levitate
773 421 1012 463 dicendum
1034 429 1121 464 est:
1151 431 1301 465 tamen
1321 425 1439 466 mul-

276 486 373 520 tu'm
404 478 607 534 prodest,
646 493 720 532 ea,
757 492 867 533 quae
895 486 1180 534 metuuntur,
1216 480 1311 536 ipsa
1331 494 1439 521 con-

275 542 487 576 temnere.
553 534 734 589 Itaque,
772 534 861 574 sive
882 548 984 574 casu
1005 535 1190 588 accidit,
1219 536 1312 576 sive
1332 551 1439 578 con-

272 592 396 646 silio,
424 590 742 646 percommode
763 589 930 630 factum
953 599 1040 644 est,
1071 592 1190 646 quod
1210 592 1270 632 eis
1295 592 1348 633 de
1367 607 1439 633 re-

274 647 379 702 bus,
419 660 529 702 quae
558 645 756 687 maxime
786 653 1074 701 metuuntur,
1112 647 1166 688 de
1190 655 1361 702 morte,
1391 653 1437 688 et

275 703 330 744 de
358 702 510 744 dolore
536 701 713 756 prim0‚
751 710 794 742 et
820 701 1031 756 proximo
1059 702 1129 743 die
1163 702 1438 757 disputatum

277 766 355 799 est.
428 758 554 808 Quae
585 756 621 797 si
648 756 836 811 probata
863 763 991 812 sunt,
1032 765 1157 799 metu
1183 773 1347 816 magna
1378 773 1438 800 ex

268 821 406 871 parte
426 812 610 854 liberati
626 825 794 852 sumus.

417 922 604 965 XXXI.
634 922 700 962 Ac
721 922 774 963 de
794 923 1022 963 malorum
1043 921 1271 978 opinione,
1290 924 1441 968 hacte-

278 996 376 1024 nus.
434 979 679 1021 Videamus
699 992 821 1018 nunc
840 978 892 1018 de
912 977 1158 1032 bonorum,
1196 979 1241 1020 id
1264 989 1351 1034 est,
1384 982 1439 1023 de

280 1035 449 1078 laetitia
464 1066 476 1084 ,
508 1041 551 1074 et
571 1033 623 1074 de
645 1033 904 1089 cupiditate.
963 1032 1080 1073 Mihi
1098 1034 1278 1089 quidem
1297 1036 1347 1077 in
1370 1044 1439 1078 to-

281 1101 326 1134 ta
365 1091 536 1132 ratione
580 1103 655 1144 ea,
701 1103 813 1145 quae
852 1089 1048 1146 pertinet
1083 1090 1136 1130 ad
1167 1092 1306 1132 animi
1339 1108 1443 1147 per-

280 1147 584 1199 turbationes,
624 1154 637 1177 ¹
687 1160 776 1186 una
809 1160 879 1186 res
916 1145 1095 1186 videtur
1126 1161 1303 1189 causam
1337 1163 1446 1190 con-

281 1206 451 1257 tinere,
497 1215 650 1244 omnes
688 1216 759 1242 eas
798 1216 889 1243 esse
925 1200 973 1242 in
1009 1208 1164 1243 nostra
1196 1211 1442 1261 potestate,

282 1274 437 1302 omnes
474 1259 638 1300 iudicio
674 1266 921 1314 susceptas,
962 1271 1116 1298 omnes
1155 1258 1443 1303 voluntarias.

283 1317 377 1359 Hic
414 1316 552 1371 igitur
587 1328 716 1356 error
751 1321 816 1355 est
842 1313 1122 1370 eripiendus,
1160 1315 1269 1356 haec
1295 1316 1442 1359 detra·
1502 1341 1503 1348 κ

283 1372 431 1415 henda
464 1371 641 1427 opinio3
689 1377 844 1425 atque,
882 1378 954 1425 ut,
993 1370 1040 1410 in
1066 1370 1195 1411 malis
1226 1371 1441 1429 opinatis,

283 1427 562 1482 tolerabilia,
581 1434 599 1456 2
633 1428 718 1480 sic,
746 1427 795 1467 in
815 1426 966 1480 bonis,
994 1426 1212 1467 sedatiora
1228 1436 1332 1470 sunt
1350 1429 1442 1471 effi-

285 1484 444 1527 cienda
472 1499 546 1537 ea,
588 1497 699 1538 quae
727 1497 912 1536 magna,
957 1489 1001 1522 et
1026 1481 1247 1523 laetabilia
1285 1484 1444 1526 dicun-

282 1549 373 1583 tur.
402 1544 417 1568 ³
476 1540 625 1594 Atque
644 1538 726 1579 hoc
745 1538 922 1593 quidem
944 1551 1182 1579 commune
1201 1539 1442 1596 malorum,

284 1604 330 1638 et
347 1596 593 1637 bonorum:
620 1603 692 1650 ut,
723 1595 759 1634 si
775 1593 866 1634 iam
885 1592 1064 1635 difficile
1084 1594 1141 1634 sit
1159 1596 1442 1652 persuadere,

284 1652 401 1695 nihil
421 1666 573 1692 earum
594 1665 769 1702 rerum,
808 1665 920 1705 quae
940 1651 1206 1706 perturbent
1227 1651 1442 1707 animum,

286 1716 365 1764 aut
390 1708 437 1749 in
467 1707 617 1760 bonis,
649 1713 725 1747 aut
742 1706 789 1746 in
808 1706 935 1747 malis
954 1720 1045 1747 esse
1064 1705 1343 1761 habendum,
1379 1716 1442 1750 ta-

283 1780 391 1807 men
418 1763 501 1805 alia
528 1763 582 1803 ad
604 1762 741 1803 aliurn
765 1770 940 1803 motum
960 1762 1131 1803 curatio
1151 1761 1208 1803 sit
1227 1762 1441 1806 adhiben-

286 1821 365 1875 da,
404 1820 576 1874 aliaque
611 1818 783 1860 ratione
820 1818 1079 1869 malivolus,
1127 1817 1209 1858 alia
1245 1827 1441 1874 amator,

286 1877 370 1919 alia
398 1890 550 1917 rursus
582 1875 766 1931 anxius,
809 1874 896 1916 alia
921 1873 1105 1915 timidus
1134 1874 1438 1929 corrigendus.

288 1933 436 1989 Atque
463 1938 558 1972 erat
585 1930 740 1984 facile,
781 1938 1041 1986 sequentem
1074 1944 1170 1971 eam
1195 1931 1439 1987 rationem,

336 2084 369 2119 1)
397 2080 457 2113 Sic
478 2080 672 2113 Bentleius
693 2080 831 2112 Πανία.
883 2077 1010 2124 Ραζςο,
1026 2075 1334 2125 perturbationes.

333 2126 373 2170 τι)
400 2127 589 2159 Davisius
613 2123 716 2158 dedi:
743 2123 1003 2158 tolerabiliora.

329 2174 372 2219 5)
400 2174 460 2206 stc
488 2170 610 2216 Woff.
660 2171 787 2217 Vulgo
811 2169 993 2204 dicuntur.
