1503 2584
225 153 231 156 ,
258 115 329 155 344
573 113 631 148 M.
655 110 821 149 TULtn
842 109 1111 152 mcssnoms

257 208 348 245 tem
379 204 580 247 declarat
605 205 783 247 satietas
810 220 989 262 rerum,
1033 216 1166 266 atque
1192 210 1423 257 abundan-

256 259 341 301 tia:
391 275 525 317 quam
559 269 610 304 tu
643 262 857 318 quoniam
893 277 1139 320 numquam
1167 282 1420 326 assequere,

256 330 509 372 numquam
528 319 713 360 omnino
732 333 777 359 es
796 318 976 360 futurus
996 321 1131 363 dives.
1171 323 1323 365 Meam
1343 340 1422 367 au-

253 377 347 414 tem
385 374 601 429 quoniam
637 375 876 430 pecuniam
907 378 1179 433 contemnis,
1222 387 1266 420 et
1296 389 1419 424 recte

255 423 348 483 (est
384 430 508 471 enim
537 430 591 472 ad
619 430 743 487 vulgi
769 431 1034 488 opinionem
1060 434 1321 489 mediocris3
1361 437 1418 480 ad

254 492 404 540 tuam,
433 486 666 540 nulla;·ad
687 501 858 541 meam,
893 488 1119 549 modica3)
1152 491 1205 533 de
1226 507 1297 534 me
1316 492 1421 534 sile-

254 541 335 585 bo:
374 543 429 585 de
458 559 506 586 re
533 543 706 601 loquar.
734 553 744 574 ¹
811 544 859 585 Si
887 546 1104 587 censenda
1131 548 1258 589 nobis
1284 555 1418 605 atque

254 600 530 642 aestimanda
551 615 621 642 res
639 600 718 657 sit,
745 608 899 642 utrum
922 600 1101 643 tandem
1129 603 1271 657 pluris
1293 606 1422 647 aesti-

252 668 429 697 memus
458 657 695 714 pecuniam
723 655 914 714 Pyrrhi,
952 671 1087 713 quam
1113 660 1314 702 Fabricio
1339 661 1418 702 da-

234 710 353 767 bat,
391 727 448 755 an
477 713 806 755 continentiam
834 713 1047 767 Fabricii,
1083 715 1160 771 qui
1189 715 1312 757 illam
1340 732 1419 773 pe-

252 768 435 810 cuniam
454 769 721 824 repudiabat
734 764 759 810 ?
789 775 946 809 utrum
965 782 1124 810 aurum
1145 772 1418 829 Samnitum,

252 838 310 866 an
328 838 593 880 responsum
618 824 684 865 Μ’
704 819 868 865 Curii?
895 823 1186 866 hereditatem
1210 825 1265 866 L.
1286 827 1420 870 Paul-

250 880 310 934 li,
339 895 398 921 an
415 881 734 922 liberalitatem
755 877 994 934 Africani,
1023 880 1101 936 qui
1126 880 1220 922 eius
1240 880 1422 924 heredi-

251 936 355 977 tatis
366 936 422 988 Q.
445 936 652 978 Maximo
671 935 798 977 fratri
818 943 994 990 partem
1016 951 1140 977 suam
1162 932 1421 981 concessit?

249 992 378 1034 Haec
412 992 643 1050 profecto,
689 1006 801 1049 quae
839 998 945 1033 sunt
970 1006 1249 1035 summarum
1278 993 1422 1036 virtu-

249 1055 374 1104 tum,
403 1050 547 1106 pluris
568 1047 843 1091 aestimanda
862 1055 990 1103 sunt,
1051 1063 1156 1089 uam
1174 1049 1275 1104 illa,
1303 1064 1417 1106 quae

248 1114 353 1146 sunt
390 1106 619 1160 pecuniae.
705 1105 818 1156 Quis
853 1103 993 1159 igitur
1020 1062 1093 1162 (ἓεί
1124 1105 1329 1161 quidem,
1367 1114 1419 1149 ut

249 1161 462 1220 quisque,
501 1162 621 1218 quod
655 1161 843 1217 plurimi
870 1160 953 1214 sit,
991 1161 1238 1216 possideat,
1267 1161 1334 1203 ita
1353 1162 1420 1204 di-

246 1218 447 1266 tissimus
472 1218 702 1260 habendus
723 1214 808 1273 sit)
846 1217 1042 1272 dubitet,
1078 1216 1188 1273 quin
1208 1217 1255 1259 in
1275 1218 1420 1260 virtu-

246 1281 291 1315 te
311 1274 492 1317 divitiae
513 1271 635 1316 sint?
665 1274 878 1331 quoniam
899 1273 1024 1314 nulla
1045 1273 1286 1329 possessio,
1315 1275 1420 1316 nul-

245 1329 289 1373 la
328 1331 394 1373 vis
430 1332 528 1374 auri
563 1339 607 1373 et
643 1329 843 1386 argenti,
882 1329 1047 1386 pluris,
1086 1343 1223 1386 quam
1251 1330 1419 1386 virtus,

245 1387 524 1430 aestimanda
544 1396 623 1432 est.

386 1478 466 1521 III.
524 1477 567 1520 Ο
601 1477 664 1519 dii
691 1471 996 1518 immortales!
1035 1490 1128 1517 non
1154 1475 1418 1531 intelligunt

244 1533 478 1589 homines,
508 1548 640 1590 quam
660 1547 875 1589 magnum
900 1531 1093 1587 vectigal
1115 1532 1173 1574 sit
1198 1533 1418 1587 parsimo-

245 1591 335 1634 nia.
395 1590 549 1632 Venio
577 1589 702 1631 enim
728 1589 818 1632 iam
844 1588 900 1630 ad
927 1594 1236 1643 sumptuosos:
1279 1588 1418 1629 relin-

246 1663 336 1705 quo
375 1648 515 1688 istum
554 1652 885 1702 quaestuosum.
964 1643 1098 1699 Capit
1132 1643 1207 1685 ille
1240 1658 1297 1685 ex
1326 1643 1416 1685 suis

244 1702 444 1762 praediis
480 1707 692 1743 sexcenta
729 1699 959 1750 sestertia3
1009 1713 1092 1755 ego
1130 1706 1318 1741 centena
1358 1712 1416 1740 ex

245 1761 388 1816 meis,
432 1759 502 1801 illi
527 1765 682 1800 aurata
711 1765 828 1799 tecta
858 1756 907 1800 in
932 1754 1074 1811 villis,
1113 1762 1158 1797 et
1182 1755 1275 1796 sola
1297 1770 1416 1796 mar-

245 1832 402 1860 morea
430 1814 640 1869 facienti,
679 1822 723 1855 et
740 1813 891 1868 signa,
930 1811 1132 1867 tabulas,
1160 1811 1416 1867 supellecti-

244 1873 353 1929 lem,
382 1881 422 1915 et
447 1879 611 1914 vestem
633 1869 812 1911 infinite
833 1867 1188 1924 concupiscenti,
1209 1882 1298 1909 non
1321 1882 1417 1908 mo·

245 1930 305 1972 do
328 1930 381 1972 ad
402 1935 636 1986 sumptum
655 1926 732 1968 ifle
751 1933 817 1967 est
835 1925 1034 1980 fructus,
1056 1931 1073 1955 ²
1108 1923 1184 1965 sed
1206 1923 1339 1966 etiam
1361 1923 1416 1965 ad

298 2057 336 2101 ι)
365 2056 477 2090 Recte
496 2058 551 2088 sic
573 2055 716 2089 Graev.
738 2065 760 2086 o
780 2051 863 2087 cod,
888 2049 991 2086 Pub,
1045 2050 1169 2096 Vulgo
1188 2050 1279 2085 olim
1311 2048 1357 2084 de
1379 2058 1416 2084 te

245 2103 409 2196 bogaria
429 2149 521 2182 Mes.
547 2146 743 2181 nonnullis
769 2155 805 2181 ee
828 2141 916 2179 edd.
938 2151 1032 2179 vett.
1053 2153 1253 2188 perperam
1272 2140 1319 2176 ad
1342 2139 1415 2176 fru-

249 2207 347 2232 ctum
370 2195 432 2230 ilie
454 2203 509 2229 est
527 2202 708 2240 cumptus.
