1503 2584
309 125 453 163 mmm-
486 124 745 173 QUINTUS.'
776 125 889 162 CAR*
911 137 942 167 ι.
960 132 1000 169 a'e
1170 137 1239 181 257

70 230 117 264 et
155 220 328 264 dolores
369 217 674 260 intolerabiles
712 219 1011 274 adiunxisset,
1058 221 1234 266 animos

69 291 245 335 quoque
267 274 437 319 dederit
464 281 509 316 et
528 288 768 332 corporum
788 275 1018 318 doloribus
1039 291 1236 335 congru-

69 342 216 388 entes,
250 339 261 363 ¹
295 338 340 372 et
365 329 604 387 separatim
631 331 719 373 suis
749 331 986 388 angoribus
1017 340 1061 374 et
1089 336 1230 377 mole-

68 390 160 432 stiis
186 386 452 444 implicatos,
518 385 606 428 Sed
633 387 682 429 in
709 386 795 428 hoc
827 402 899 430 me
919 388 1014 444 ipse
1035 391 1230 447 castigo,

67 443 187 509 quod
216 457 273 484 ex
303 441 522 496 aliorum,
555 448 599 483 et
626 457 684 484 ex
701 450 852 485 nostra
874 441 1063 486 fortasse
1083 448 1233 489 molli-

67 509 153 557 tia,
189 514 280 541 non
309 512 366 539 ex
385 497 481 554 ipsa
501 497 664 540 virtute
683 499 745 541 de
754 499 933 541 virtutis
952 501 1114 542 robore
1134 504 1233 545 exi-

66 556 211 599 ntimo.
294 553 377 596 Illa
409 553 555 608 enim,
602 554 641 595 si
667 555 804 596 modo
835 562 900 596 est
936 555 1023 597 ulla
1062 559 1232 616 virtus,

66 610 228 671 (quam
245 609 574 652 dubitationem
601 610 847 651 avunculus
875 618 999 666 tuus,
1022 617 1043 641 ²
1072 614 1230 672 Brute,

65 665 294 725 sustulit3)
343 665 516 719 omnia,
594 679 674 706 uae
713 665 871 707 cadere
907 667 954 707 in
996 668 1235 714 hominem

63 730 272 782 possunt,
318 721 473 779 subter
509 733 555 762 se
616 720 741 777 abet,
787 735 928 777 eaque
956 723 1229 782 despiciens,

65 793 190 821 casus
203 777 459 821 contemnit
479 775 723 829 humanos,
761 777 983 834 culpaque
1005 778 1129 823 omui
1157 797 1232 823 ca-

63 850 190 890 rens,
221 840 400 891 praeter
417 847 462 874 se
481 832 648 888 ipsam,
678 832 794 874 nihil
813 842 964 875 censet
988 835 1040 877 ad
1062 851 1107 878 se
1130 853 1232 894 per-

63 891 223 933 tinere.
274 890 370 930 Nos
391 896 540 930 autem
559 888 712 929 omnia
729 889 912 931 adversa
931 897 1029 932 tum
1050 895 1230 937 venien·-

62 946 127 988 tia
156 952 282 987 metu
311 952 545 1000 augentes,
581 952 680 985 tum
716 958 918 988 maerore
949 949 1229 1007 praesentia,

62 1016 218 1044 rerum
269 1009 477 1043 naturam
496 1031 508 1054 ‚
565 1012 698 1056 quam
745 1015 965 1044 erroremv
997 1012 1229 1065 nostrum,

62 1057 275 1100 damnare
298 1056 539 1098 malumus.

200 1166 258 1211 ΙΙ.
313 1168 402 1211 Sed
441 1174 486 1210 et
521 1167 654 1211 huius
680 1167 862 1225 culpae,
899 1176 944 1212 et
967 1179 1228 1221 ceterorum

59 1224 279 1268 vitiorum
309 1232 684 1290 peccatorumque
709 1232 994 1284 nostrorum,
1033 1232 1180 1274 omnis
1199 1249 1228 1276 a

62 1281 352 1339 philosophia
386 1281 578 1336 petenda
607 1283 826 1324 correctio
854 1290 933 1324 est.
999 1284 1137 1333 Cuius
1173 1289 1224 1333 in

61 1340 212 1380 sinum
239 1351 380 1392 quum
410 1352 434 1378 a
461 1336 618 1392 primis
649 1339 930 1394 temporibus
962 1342 1116 1383 aetatis
1144 1360 1229 1387 no-

62 1402 156 1436 stra
191 1394 394 1435 voluntas
429 1393 716 1448 studiumque
752 1409 832 1436 nos
861 1397 1171 1455 compulisset,
1204 1404 1229 1431 ἲ

60 1450 133 1492 his
151 1448 419 1506 gravissimis
437 1448 606 1489 casibus
632 1449 681 1489 in
700 1450 893 1492 eundem
917 1459 1105 1506 portum
1118 1488 1130 1511 ‚
1166 1471 1226 1500 ex

61 1521 151 1562 quo
179 1519 356 1546 eramus
385 1503 574 1560 egressi,
609 1518 770 1559 magna
789 1505 940 1548 iactati
957 1514 1226 1565 tempestate

60 1560 359 1616 confugimus,
418 1559 460 1602 O
478 1559 595 1602 vitae
616 1559 906 1618 philosophia
927 1561 1042 1606 dux!
1082 1582 1108 1609 0
1133 1570 1226 1613 vir-.-

60 1617 168 1659 tutis
211 1615 471 1672 indagatrix
490 1646 504 1670 ,
560 1616 882 1675 expultrixque
920 1622 944 1648 ⁴
989 1622 1223 1669 vitiorum!

110 1790 149 1836 ι)
177 1788 337 1823 Frustra
366 1788 570 1822 lectionem
598 1787 700 1826 hanc
729 1789 960 1826 sollicitavit
987 1794 1224 1834 Lambinus·

62 1836 129 1870 vet
155 1843 476 1881 congre-scentes,
512 1834 578 1868 vel
597 1845 943 1879 congravescentes,
979 1843 1045 1877 vel
1067 1825 1226 1879 confun'.

62 1889 188 1928 genten
206 1880 410 1926 legendum
432 1882 624 1923 opinatus.

108 1927 150 1967 2)
177 1928 271 1961 eaeo
297 1927 494 1960 Uticensis.

108 1973 151 2015 3)
178 1970 391 2006 contulisset
419 1970 590 2016 reposuit
616 1973 761 2009 Davts.
792 1986 813 2006 e
838 1974 924 2010 cod.
942 1977 1039 2014 Bak.
1068 1990 1107 2016 et
1126 1982 1224 2020 edic.

60 2017 215 2053 Ma'nuc.

109 2064 150 2107 4)
176 2063 307 2108 Inepte
339 2060 566 2097 Gebhardus
595 2060 794 2099 dubitavit
823 2078 872 2101 an
898 2081 994 2104 vera
1016 2083 1114 2109 esset
1134 2076 1226 2111 cod.

63 2108 215 2145 Fabric.
250 2108 365 2142 lectio
403 2107 652 2151 excultrixque
689 2109 872 2146 vitiorum.
936 2116 1054 2151 Um'ce
1089 2108 1223 2156 vei-um

66 2154 245 2201 expultrix
273 2164 475 2199 agnoscunt
500 2153 689 2188 Apuleius
707 2155 756 2188 de
781 2158 942 2199 mundo,
976 2164 1043 2198 uhi
1060 2165 1097 2199 Ιι.
1118 2169 1144 2202 l.
1168 2180 1226 2201 re·-

65 2206 216 2247 spexic;
241 2201 284 2234 ic.
307 2205 369 2246 qul
391 2213 472 2233 eum
495 2212 789 2237 conmzemotanc
810 2205 989 2243 Luceant.
1010 2212 1107 2246 Div.
1123 2215 1227 2255 lust,

112 2258 191 2299 Cic,
217 2258 314 2304 Opp.
347 2257 450 2292 Tom.
475 2258 586 2293 XIV.
1039 2271 1089 2314 17
