1503 2584
328 126 470 162 LIBER
496 126 726 162 TER'HU&
774 126 880 161 CAP.
909 135 929 168 5
955 128 990 160 ό.
1178 132 1242 166 ¹55

84 229 160 264 tur
186 228 261 264 aut
287 218 495 274 libidine,
541 225 618 260 aut
643 217 887 260 iracundia.
955 218 1244 274 Quamquam

83 279 179 332 ipsa
215 274 469 328 iracundia,
510 275 708 317 libidinis
736 283 802 317 est
829 289 945 330 pars.
1019 275 1090 315 Sic
1123 275 1244 316 enim

86 333 296 375 definitur
332 331 587 385 iracundia,
641 331 888 373 ulciscendi
923 331 1078 373 libido.
1154 330 1247 381 Qui

83 390 224 445 igitur
242 388 384 429 exisse
401 401 460 428 ex
480 394 699 444 potestate
715 387 958 443 dicuntur,
994 387 1159 429 iccirco
1181 387 1250 426 di-

83 452 274 499 cuntur,
320 442 421 500 quia
459 459 551 485 non
589 452 696 485 sunt
730 444 777 485 in
806 451 1027 500 potestate
1058 442 1250 496 mentis·,

85 501 160 542 cui
177 514 367 556 regnum
388 500 525 542 totius
547 500 688 543 animi
707 515 731 542 a
750 507 907 542 natura
931 501 1155 542 tributum
1169 504 1249 542 est.

84 569 247 611 Graeci
269 576 416 609 autem
454 567 611 622 μαινίσιν
636 567 758 608 unde
785 568 1040 625 appellent,
1068 581 1161 610 non
1185 566 1253 608 fa-

84 625 169 668 cile
190 624 401 667 dixerim.
458 624 573 665 Eam
594 632 743 665 tamen
767 624 909 678 ipsam
931 623 1251 679 distinguimus

81 698 167 724 ‘nos
186 681 379 737 melius,
416 695 547 736 quam
569 679 650 720 illi.
710 680 841 720 Hanc
863 680 983 721 enim
1005 679 1252 732 insaniam,

115 753 198 780 uae
233 739 386 779 iuncta
422 736 637 778 stultitiae
675 743 801 792 patet
839 736 996 792 latius,
1038 752 1061 777 a
1098 736 1253 778 furore

84 754 396 851 disiungimus.
464 791 630 834 Graeci
656 792 816 834 volunt
842 792 912 833 illi
938 793 1115 848 quidem
1132 824 1144 845 ,
1173 791 1252 834 sed

82 877 246 921 parum
276 861 427 904 valent
453 859 613 903 verbo:
650 873 784 917 quem
807 873 889 900 nos
908 858 1134 915 furorem,
1172 873 1256 916 με·-

83 923 342 986 λαγχολῖαν
370 929 441 971 illi
467 936 644 970 vocant.
724 927 862 984 Quasi
899 942 1006 970 vero
1042 937 1136 971 atra
1172 929 1253 971 bili

86 987 236 1029 solum
264 1001 414 1038 mens,
448 1000 497 1027 ac
525 999 618 1026 non
645 998 776 1040 saepe
804 984 874 1025 vel
900 984 1133 1027 iracundia
1153 1001 1258 1040 gra-

84 1044 233 1097 viore,
259 1042 326 1085 ve]
348 1043 538 1096 timore,
576 1041 647 1082 vel
665 1040 819 1082 dolore
839 1050 1088 1083 moveatur.
1148 1042 1255 1097 Quo

85 1114 248 1156 genere
270 1097 618 1153 Athamantem,
655 1096 1006 1151 Alcmaeonem,
1044 1099 1256 1155 Aiacem,

88 1156 297 1200 Orestem
324 1154 476 1196 furere
506 1153 719 1195 dicimus:
772 1153 849 1209 qui
873 1154 935 1195 ita
962 1155 1018 1195 sit
1046 1154 1257 1210 affectus,

87 1228 192 1255 eum
220 1210 458 1254 dominum
484 1224 576 1251 esse
596 1224 752 1252 rerum
773 1224 955 1250 suarum
974 1218 1127 1251 vetant
1146 1210 1260 1251 duo-

88 1270 237 1313 decim
268 1267 461 1309 tabulae.
530 1266 688 1322 Itaque
716 1280 810 1306 non
841 1271 906 1306 est
932 1266 1175 1322 scriptum,
1203 1278 1256 1308 SI

74 1336 338 1371 ‚1NsANUs
359 1354 373 1378 ,
433 1323 512 1365 sed
566 1335 616 1362 SI
673 1332 968 1362 Fumosus
1014 1335 1203 1364 Escm.
1244 1332 1256 1355 ι

87 1382 341 1427 stultitiam
390 1379 513 1420 enim
560 1384 843 1419 censuerunt
871 1378 1124 1421 constantia
1156 1383 1175 1405 2
1211 1379 1259 1421 id

88 1448 178 1495 est,
213 1437 402 1479 sanitate
422 1442 678 1486 vacantem,
708 1448 836 1488 posse
855 1439 1008 1476 tamen
1029 1435 1146 1478 tueri
1165 1451 1261 1478 me-

88 1494 372 1538 diocritatem
420 1490 672 1532 officiorum
719 1496 765 1530 et
811 1489 930 1533 vitae
966 1505 1259 1534 communem.

88 1553 264 1595 cultum
291 1558 423 1604 atque
449 1547 678 1589 usitatum.
734 1545 955 1588 Furorem
982 1555 1137 1590 autem
1165 1564 1259 1590 esse

86 1608 174 1652 rati
205 1614 310 1649 sunt
337 1605 503 1646 mentis
531 1603 586 1644 ad
617 1602 769 1644 omnia
788 1602 1063 1646 caecitatem.
1122 1605 1260 1661 Quod

65 1673 68 1676 ’
90 1679 230 1723 quum
253 1662 395 1704 maius
416 1676 507 1702 esse
525 1659 754 1714 videatur,
792 1673 927 1716 quam
955 1660 1154 1717 insania,
1195 1669 1263 1704 ia·-

90 1736 198 1765 men
224 1717 446 1761 eiusmodi
472 1724 560 1771 est,
599 1722 650 1757 ut
678 1713 808 1757 furor
835 1715 886 1757 in
912 1717 1160 1773 sapientem
1190 1733 1260 1759 ca-

92 1779 198 1821 dere
221 1775 382 1833 possit,
409 1788 503 1815 non
522 1772 662 1829 possit
676 1772 864 1813 insania.
924 1772 1011 1814 Sed
1036 1773 1143 1815 haec
1174 1775 1261 1818 alia

93 1832 292 1892 quaestio
313 1839 402 1884 est3
430 1843 512 1870 nos
533 1829 587 1870 ad
603 1828 890 1885 propositum
912 1838 1203 1872 revertamur.

234 1934 321 1976 VI.
366 1932 555 1987 Cadere,
581 1931 758 1988 opinor,
784 1931 833 1972 in
852 1932 1100 1987 sapien‘tem
1121 1934 1265 1990 aegri=

97 1991 301 2053 tudinem
319 1988 404 2032 tibi
422 1989 580 2032 dixisti
598 1987 754 2032 videri.
803 1989 858 2031 A.
880 1988 940 2031 Et
958 2003 1063 2032 vero
1083 1989 1146 2032 ita
1167 1991 1264 2033 exi*-

147 2166 188 2203 ἢ
214 2165 274 2199 Sic
294 2174 391 2199 recte
411 2163 550 2199 Boker.
576 2172 612 2198 ec
638 2160 762 2203 Wolf.
805 2161 929 2209 Vulgo
951 2173 1031 2197 mse
1052 2171 1210 2200 mcffrr-

141 2213 184 2258 α)
211 2212 274 2248 Sic
295 2213 437 2247 Davie.
464 2209 590 2257 Woff·
641 2208 764 2258 Vulgo
790 2207 1092 2249 inconstantiam.
