1503 2584
219 140 285 184 ,46
463 129 675 176 Τυεουι.
704 140 1131 178 merum-‘morsum

222 232 372 276 lectet.
418 232 542 284 Quin
571 232 704 274 eliam
731 233 845 276 mihi
885 234 1067 289 quidem
1096 235 1398 278 laudabiliora

225 289 434 331 videntur
455 288 622 344 omnia,
655 297 767 346 quae
790 291 885 332 sine
906 291 1221 334 venditatione
1245 300 1290 333 et
1308 293 1402 334 sine

226 344 401 402 Populo
445 350 555 387 teste
604 344 743 387 fiunt:
805 361 898 388 non
937 362 1026 402 quo
1065 348 1308 405 fugiendus
1345 349 1403 390 sit

229 400 410 500 §omnia
439 400 557 441 enim
586 400 818 444 benefacta
837 402 885 444 in
907 403 1008 444 luce
1030 419 1073 445 se
1095 404 1307 447 collocari
1327 419 1402 447 vo·

253 458 360 515 unt)
390 457 465 498 sed
498 465 651 498 tamen
672 458 850 500 nullum
870 458 1099 501 theatrum
1119 461 1275 504 virtuti
1296 475 1402 503 con-

231 513 416 556 scientia
435 512 579 554 maius
603 519 682 555 est.

374 635 586 679 XXVII.
661 637 812 693 Atque
848 638 894 679 in
932 637 1091 693 primis
1130 637 1404 683 meditemur

236 692 374 747 illud,
413 700 460 734 ut
482 693 591 733 haec
615 694 829 750 patientia
855 694 1060 735 dolorum
1076 727 1088 750 ,
1118 711 1253 751 quam
1273 710 1404 753 saepe

234 751 327 792 iam
356 749 493 791 animi
523 749 772 791 intentione
803 751 900 792 dixi
921 765 1011 792 esse
1032 750 1327 806 firmandam,
1355 753 1405 795 in

238 806 365 848 omni
392 819 557 862 genere
588 821 632 847 se
662 806 940 861 aequabilem
970 808 1194 863 praebeat.
1260 809 1404 865 Saepe

239 863 359 904 enim
387 860 549 916 multi,
589 861 667 918 qui
695 869 772 902 aut
792 861 986 919 propter
1000 863 1210 905 victoriae
1232 865 1407 921 cupidi-

236 925 376 960 tatem
395 949 408 971 ‚
468 924 542 958 aut
606 926 762 973 ropter
788 918 1003 974 gloriam,
1024 925 1043 947 1
1086 926 1164 960 aut
1194 921 1329 962 etiam
1351 930 1404 964 ut

238 974 308 1016 ius
328 987 457 1015 suum
481 981 525 1014 et
542 973 575 1014 li
611 981 796 1015 ertatem
817 982 1054 1029 tenerent,x
1068 975 1253 1017 vulnera
1273 991 1408 1020 exce-

240 1037 408 1087 perunt
428 1028 610 1070 fortiter
632 1036 676 1070 et
699 1030 923 1085 tulerunt,
962 1030 1096 1072 iidem
1115 1031 1279 1073 omissa
1299 1047 1408 1075 con·

239 1085 443 1128 tentione
472 1083 688 1127 dolorem
724 1085 874 1127 morbi
920 1084 1038 1127 serre
1074 1102 1168 1128 non
1206 1096 1406 1144 possunt.

241 1143 403 1198 Neque
434 1140 554 1183 enim
581 1141 736 1196 illum,
775 1157 908 1197 quem
932 1142 1064 1184 facile
1082 1143 1306 1200 tulerant,
1333 1160 1408 1187 ra-

236 1199 362 1240 tione
400 1204 477 1239 aut
512 1197 730 1254 sapientia
762 1198 987 1254 tulerant,
1028 1197 1103 1241 sed
1140 1200 1286 1242 studio
1325 1216 1406 1257 po-

239 1255 330 1296 tius
358 1261 401 1296 et
427 1254 584 1318 gloria.
652 1254 808 1311 Itaque
834 1254 1014 1296 barbari
1044 1255 1227 1311 quidam
1255 1266 1300 1299 et
1322 1260 1408 1300 im-

239 1325 393 1352 manes
423 1312 543 1350 terro
573 1310 802 1352 decertare
839 1310 1056 1352 acerrime
1083 1320 1298 1370 possunt,
1336 1329 1408 1356 ae-

272 1375 416 1408 rotare
452 1366 641 1407 viriliter
672 1381 765 1407 non
795 1374 980 1423 queunt.
1057 1367 1221 1410 Graeci
1255 1378 1405 1414 autem

240 1383 450 1466 iiomines
481 1429 502 1450 2
542 1437 635 1463 non
663 1422 766 1464 satis
793 1423 1009 1477 animosi,
1049 1424 1315 1480 prudentes,
1353 1435 1405 1469 ut

241 1487 309 1523 est
328 1486 482 1536 captus
508 1478 773 1532 hominum,
810 1478 940 1532 satis,
981 1479 1155 1521 hostem
1177 1481 1406 1539 adspicere

242 1551 336 1577 non
366 1542 574 1589 possunt,
621 1534 759 1576 iidem
788 1534 970 1576 morbos
999 1534 1246 1578 toleranter
1275 1546 1406 1596 atque

243 1591 442 1633 humane
477 1590 643 1632 ferunt.
718 1591 785 1632 At
825 1589 1000 1632 Cimbri
1026 1600 1069 1633 et
1106 1593 1321 1637 Celtiberi
1357 1597 1407 1638 in

279 1647 424 1688 raeliis
444 1647 693 1701 exsultant,
720 1646 1026 1689 lamentantur
1046 1648 1094 1689 in
1112 1649 1285 1693 morbo.
1323 1653 1409 1693 Ni-

169 1750 171 1752 ,
243 1662 309 1745 liil
329 1704 449 1745 enim
470 1710 616 1759 potest
633 1718 724 1745 esse
741 1703 987 1759 aequabile,
1016 1704 1136 1759 quod
1154 1719 1247 1748 non
1267 1723 1289 1748 a
1310 1724 1407 1749 cer·

181 1759 183 1761 ’
247 1766 295 1802 ta
330 1760 501 1801 ratione
536 1759 865 1815 proficiscatur.
940 1759 1028 1801 Sed
1067 1776 1207 1824 quum
1234 1763 1408 1818 videas,

247 1830 347 1871 eOS,
376 1816 451 1872 qui
471 1831 559 1872 quo
576 1823 650 1857 aut
670 1815 841 1872 studio,
866 1819 881 1844 ³
915 1823 991 1858 aut
1009 1818 1222 1871 opinione
1243 1821 1410 1862 ducan-

249 1881 339 1928 tur,
360 1872 406 1914 in
427 1887 477 1914 eo
499 1872 808 1930 persequendo
833 1879 967 1929 atque
986 1873 1271 1929 adipiscendo
1283 1877 1410 1919 dolo-

294 2076 331 2122 ι)
361 2077 422 2111 Sic
455 2072 579 2120 Wolf.
613 2088 695 2110 cum
724 2079 869 2111 Πανία.
904 2076 965 2110 ed.
995 2077 1051 2111 11.
1101 2077 1224 2124 Vulgo
1253 2088 1408 2131 propter

246 2122 381 2171 gloriae
413 2134 590 2156 amorem.
645 2125 783 2158 Davis.
814 2123 875 2158 ed.
897 2124 975 2158 111.
997 2132 1058 2157 aut
1078 2134 1234 2171 proptor
1251 2124 1407 2171 gloriae.

289 2170 331 2212 2)
363 2169 605 2201 Valckenaer
628 2170 721 2215 ΟΡΡ.
750 2170 790 2204 T-
809 2170 865 2205 II·
886 2183 926 2216 p·
946 2175 1028 2217 27:5-
1049 2174 1145 2206 coni.
1165 2169 1296 2206 hodie.

287 2216 330 2261 ὅ)
358 2214 481 2260 Vulgo
504 2215 564 2262 qui
586 2225 647 2249 aut
669 2214 809 2250 studio.
