1503 2584
322 118 464 155 LIBER
496 117 744 164 QulNTUS.‘
793 116 897 154 cAP.
928 131 982 153 ιο.
1167 128 1234 168 2171

78 213 319 270 sapientes,
358 218 456 253 tum
483 211 601 253 viros
628 210 771 254 bonos
802 210 1004 253 dicimus.
1071 212 1241 255 videa»

76 284 200 325 mua,
222 268 300 324 qui
318 267 495 308 dicendi
512 267 602 309 sint
620 267 750 308 beati.
805 268 1030 323 Equidem
1044 268 1126 309 hos
1145 270 1240 311 exi·-

77 327 236 379 stimo,
265 323 344 380 qui
363 323 513 364 sintin
535 323 685 378 bonis,
725 323 850 365 nullo
872 325 1084 366 adiuncto
1102 334 1238 367 malo.

77 381 234 438 Neque
262 381 354 421 ulla
382 378 470 420 alia
499 380 605 421 huic
624 379 786 435 verbo,
815 395 951 436 quum
975 380 1153 422 beatum
1175 382 1241 423 di-

77 439 244 488 cimus,
282 435 480 476 subiecta
509 436 635 477 notio
663 442 753 490 est,
789 437 895 489 nisi,
933 437 1117 478 secretis
1146 453 1240 479 ma-

75 493 132 535 'iis
166 492 400 546 omnibus,
440 492 666 533 cumulata
708 493 927 534 bonorum
965 494 1240 546 complexio.

76 550 207 592 Hanc
247 547 420 603 assequi
456 547 598 588 virtus
620 578 632 600 ,
687 547 724 588 si
770 548 1016 604 quidquam
1062 558 1241 604 praeter

75 606 216 661 ipsam
241 603 344 645 boni
364 611 441 656 est,
460 616 552 644 non
567 609 731 658 potest.
773 605 935 644 Aderit
955 605 1076 645 enim
1097 607 1242 647 malo-

74 675 192 716 rum,
211 662 247 704 si
268 659 470 701 malailla
484 659 705 713 ducimus,
726 660 856 700 turba
877 660 1110 715 quaedam,
1132 676 1245 716 pau·

74 727 246 776 pertas,
273 715 555 772 ignobilitas,
583 714 831 769 humilitas,
861 714 1074 772 solitudo,
1111 717 1244 758 amis-

75 777 143 819 sio
172 786 383 826 suorum,
421 785 576 827 graves
609 770 786 812 dolores
804 771 1029 827 corpor1'8,
1065 773 1241 828 perdita

75 830 302 881 valitudo,
329 827 557 881 debilitas,
585 826 796 882 caecitas,
823 827 1033 868 interitus
1052 828 1241 884 patriae,

76 886 318 940 exsilium,
353 883 542 924 servitus
569 881 772 938 denique.
831 882 883 924 In
906 882 974 924 his
993 891 1065 925 tot
1080 892 1124 926 et
1145 893 1243 928 tan-

75 945 135 988 tis
162 942 320 1003 (atque
341 939 476 981 etiam
499 939 624 995 plura
642 946 830 994 possunt
849 939 1101 999 accidere,)
1121 950 1133 974 ¹
1162 956 1246 998 po·

76 1008 164 1044 test
190 1012 282 1041 esse
308 995 496 1052 sapienS.
562 995 685 1036 Nam
711 994 819 1035 haec
845 1009 971 1037 casus
1001 997 1244 1054 importat,

77 1057 155 1114 qui
181 1055 227 1097 in
257 1053 508 1108 sapientem
536 1058 685 1108 potest
718 1050 964 1093 incurrere.
1037 1055 1098 1095 At
1124 1055 1161 1096 si
1191 1068 1241 1095 ea

79 1113 199 1156 mala
228 1116 360 1165 sunt,
402 1108 499 1164 quis
531 1115 676 1164 potest
705 1115 954 1163 praestare,
993 1110 1242 1164 sapientem

79 1181 258 1224 semper
278 1166 457 1207 beatum
475 1163 599 1217 fore,
629 1177 770 1219 quum
790 1165 861 1205 vel
878 1163 926 1205 in
946 1165 1155 1208 omnibus
1176 1166 1245 1208 his

78 1240 173 1268 uno
206 1232 406 1278 tempore
436 1233 528 1261 esse
565 1214 740 1276 possit?
796 1220 906 1262 Non
939 1221 1079 1276 igitur
1112 1223 1246 1265 facile

80 1279 302 1333 concedo,
338 1290 482 1332 neque
501 1277 644 1318 Bruto
662 1288 788 1329 meo,
828 1291 972 1333 neque
992 1280 1245 1321 communi-

80 1339 164 1380 bus
182 1334 404 1391 magistris
417 1364 430 1387 ,
466 1346 611 1389 neque
630 1333 853 1374 veteribus
873 1333 963 1376 illis
976 1365 988 1388 ,
1018 1334 1248 1377 Aristote-

81 1395 132 1450 li,
161 1391 432 1450 Speusippo,
457 1387 723 1443 Xenocrati,
754 1388 1005 1443 Polemoni,
1034 1397 1085 1431 ut
1104 1406 1245 1447 quum

82 1466 158 1506 ea,
187 1462 296 1505 quae
316 1460 449 1501 supra
469 1445 742 1498 enumeravi,
771 1443 818 1485 in
842 1446 971 1487 malis
991 1456 1248 1503 numerent,

79 1507 219 1550 iidem
245 1503 425 1555 dicant,
462 1515 642 1556 semper
668 1499 848 1542 beatum
871 1516 963 1543 esse
983 1503 1246 1558 sapientem.

80 1564 209 1615 Quos
239 1555 274 1601 si
305 1559 323 1583 ²
354 1556 514 1598 titulus
541 1557 615 1598 hic
640 1556 832 1598 delectat
863 1557 1050 1614 insignis
1081 1568 1123 1601 et
1146 1563 1249 1616 pul-

83 1619 216 1672 cher,
253 1614 538 1672 Pythagora,
578 1613 787 1668 Socrate,
825 1613 1012 1657 Platone
1041 1616 1249 1671 dignissi-

81 1690 208 1731 mus,
242 1672 461 1714 inducant
487 1669 715 1722 animum,
751 1669 854 1725 illa,
885 1682 1078 1726 quorum
1098 1674 1247 1729 splen-

82 1733 192 1774 dore
221 1728 488 1784 capiuntur,
525 1725 665 1778 vires,
693 1724 1012 1782 valitudinem,
1041 1729 1247 1784 pulchri-

82 1788 311 1839 tudinem,
340 1782 538 1837 divitias,
568 1781 787 1836 honores,
817 1797 923 1839 opes
941 1793 1248 1845 contemnere,

84 1892 360 1908 μ-

137 1970 177 2017 t)
203 1969 263 2003 Sic
293 1965 377 2003 cod.
409 1966 497 2010 neg.
525 1964 630 2000 Pich.
660 1966 761 2001 Pan.
782 1977 815 2001 2.
837 1974 872 2008 3.
904 1969 1033 2004 Vane.
1055 1971 1157 2007 Ball.
1177 1974 1247 2008 Pe·

90 2027 204 2054 erem.
226 2024 261 2048 et
283 2014 423 2051 recepit
453 2012 573 2049 Wolf.
627 2012 748 2058 Vulgo
769 2023 803 2045 at
833 2025 876 2048 ue
896 2016 1005 2049 etiam
1027 2029 1119 2063 quae
1141 2019 1248 2063 plura

87 2059 242 2112 podsunt
271 2059 450 2097 accidere,
499 2059 642 2091 Davix.
673 2071 692 2091 e
715 2060 810 2092 Bene
830 2061 881 2094 eii
910 2069 1164 2099 correctione:
1199 2067 1247 2101 ad

88 2121 182 2158 quae
202 2105 309 2140 etiam
330 2107 431 2151 plura
450 2113 599 2144 possunt
619 2104 801 2139 accidere.

133 2155 174 2201 τι)
201 2153 261 2188 sic
290 2155 448 2187 Ascem.
478 2152 633 2183 Manae.
660 2151 793 2185 Lame..
821 2153 960 2190 Davte.
984 2154 1069 2195 alii.
1120 2159 1245 2206 Vulgo

87 2199 187 2250 quod
208 2197 251 2234 ei.
