1503 2584
303 102 448 143 LIBER
467 104 735 153 QUARTUS.
791 106 898 142 CAP.
929 114 986 150 ¹8-
1013 121 1069 158 ¹9.
1209 123 1275 161 227

95 201 238 256 viam,
262 195 540 242 moderatam
562 199 976 258 intemperantiam.
1035 203 1125 260 Qui
1145 205 1268 250 enim

91 258 209 300 vitiis
231 254 418 298 modum
439 257 654 312 apponit,
685 258 720 299 is
743 265 913 314 partem
933 259 1118 316 suscipit
1136 263 1266 305 vitio-

92 328 210 356 rum.
265 310 402 368 Quod
437 327 577 368 quum
611 313 755 370 ipsum
782 328 864 371 per
881 329 927 357 se
947 315 1151 359 odiosum
1173 327 1260 373 est,

28 378 33 384 ’
91 377 198 413 ωιη
218 383 270 410 eo
299 368 555 424 molestius,
592 370 696 427 quia
716 370 892 413 sunt-in
913 371 1116 428 lubrico,
1148 375 1260 416 inci·

82 429 268 481 ‘tutaque
305 425 445 466 semel
477 426 678 479 proclive
705 435 718 458 Ι
749 426 996 482 labuntur,
1026 430 1258 473 sustineri-

78 487 175 539 que
195 490 219 529 2,
237 480 366 523 nullo
387 481 523 524 modo
543 490 745 539 possunt.

224 593 364 636 XIX.
423 590 580 645 Quid?
631 595 751 650 quod
789 595 928 638 iidem
965 595 1255 654 Peripatetici

81 651 443 711 perturbationes
465 650 582 706 istas,
596 671 599 673 ’
613 665 722 708 quas
740 667 822 693 nos
843 652 1151 708 exstirpandas
1173 672 1254 713 pu·

72 708 252 764 ⁴tainus,
292 721 380 749 non
411 706 548 748 modo
577 707 804 749 naturales
831 721 924 750 esse
953 708 1134 767 dicunt,
1173 713 1250 756 sed

83 767 218 808 etiam
253 763 430 806 utiliter
465 779 490 805 a
523 771 686 806 natura
723 761 880 806 datas?
935 766 1148 817 Quorum
1184 778 1251 813 est

81 821 182 864 talis
201 821 358 863 oratio.
397 820 603 862 Primum
623 819 777 862 multis
797 820 942 863 verbis
964 822 1250 868 iracundiam

78 879 291 933 laudant‘,
330 885 477 919 cotem
496 875 776 918 fortitudinis
795 891 887 919 esse
910 877 1092 934 dicunt3
1132 883 1250 925 mul-

78 937 215 992 toq'ue
242 943 296 976 et
329 935 375 976 in
403 933 617 984 hostem,⁴
651 939 696 974 et
733 933 782 974 in
810 933 1074 989 improbm'n
1101 938 1248 981 civem

71 990 434 1035 vehementiores
472 989 927 1046 iratorumimpetus
964 1004 1080 1041 esse;
1127 994 1246 1037 leves

77 1054 228 1090 autem
256 1045 539 1088 ratiunculas
559 1059 742 1099 eorum,
786 1046 861 1102 qui
889 1046 950 1088 ita
970 1049 1243 1104 cogitarent:

75 1102 302 1146 Praelium
330 1109 505 1143 rectum
525 1110 599 1142 -est
622 1100 706 1142 hoc
729 1101 852 1155 fieri;
880 1104 1090 1145 convenit
1111 1106 1242 1149 dimi·

76 1174 176 1202 care
218 1174 300 1216 pro
336 1156 534 1213 legibus,
580 1170 664 1210 pro
703 1156 931 1211 libertate,
972 1163 1239 1216 pro-patria.

75 1217 204 1258 Haec
233 1215 404 1257 nullam
435 1211 596 1254 habere
629 1213 744 1267 vim,
784 1213 867 1254 nisi
896 1215 957 1254 ira
986 1218 1239 1259 excandue-

73 1273 134 1323 rit
166 1278 180 1305 3
220 1271 455 1313 fortitudo.
513 1270 611 1311 Nec
638 1283 742 1310 vero
771 1269 824 1310 de
853 1269 1144 1314 bellatoribus
1166 1288 1238 1316 so-

70 1326 167 1371 lum
196 1328 439 1384 disputant.
505 1325 701 1382 Imperia
737 1325 958 1367 severiora
991 1327 1114 1370 nulla
1144 1344 1236 1372 esse

71 1392 234 1442 putant
260 1385 356 1426 sine
385 1382 529 1439 aliqua
558 1380 797 1424 acerbitate
827 1383 1108 1440 iracundiae3
1137 1397 1236 1429 orai-

64 1449 217 1483 'torem
245 1439 437 1495 denique
465 1453 556 1481 non
583 1438 718 1479 modo
742 1446 1049 1494 accusantem,
1079 1443 1155 1484 sed
1177 1459 1234 1486 ne

71 1492 394 1539 defendentem
418 1494 597 1551 quidem
623 1493 810 1551 probant
843 1494 938 1536 sine
965 1497 1131 1539 aculeis
1146 1499 1237 1541 ira·

69 1553 272 1595 cundiae.
330 1551 458 1604 Quae
478 1551 609 1593 etiam
632 1550 667 1591 si
685 1566 777 1592 non
797 1550 933 1605 adsit,
961 1559 1114 1595 tamen
1135 1569 1235 1597 ver.

66 1609 159 1664 bis,
193 1616 326 1665 atque
354 1616 481 1649 motu
509 1606 812 1649 simulandam
841 1606 1141 1665 arbitrantur,
1181 1618 1233 1653 ut

56 1666 282 1708 'auditoris
303 1664 413 1706 iram
435 1663 622 1706 oratoris
640 1663 852 1706 incendat
869 1663 999 1705 actio'.
1065 1666 1103 1706 V
1109 1667 1233 1710 irum

66 1720 264 1778 denique
279 1720 420 1762 videri
440 1727 623 1776 negant,
641 1719 718 1776 qui
736 1720 866 1762 irasci
882 1720 1063 1764 nesciat.
1093 1721 1232 1765 Eam-

66 1784 152 1834 que
165 1811 177 1833 ,
208 1793 342 1834 quam
363 1777 594 1819 lenitatem
613 1791 696 1818 nos
715 1776 906 1818 dicimus
919 1807 932 1832 ‚
954 1777 1111 1821 vitioso
1131 1778 1231 1822 len·

66 1835 267 1877 titudinis
296 1833 479 1875 nomine
509 1833 750 1890 appellant.
810 1833 908 1874 Nec
946 1847 1050 1875 vero
1076 1835 1228 1878 solum

65 1887 178 1933 hanc
196 1891 432 1934 libidinem
455 1890 642 1932 laudant
672 1886 770 1948 (est
787 1890 909 1934 enim
929 1889 991 1931 ira
1003 1921 1018 1947 ,
1057 1899 1109 1933 ut
1130 1907 1227 1934 mo·

114 2050 151 2096 1)
176 2049 327 2095 proclivi
356 2047 478 2094 Wolf.

107 2099 148 2144 a)
175 2097 422 2145 sustinereque
439 2107 480 2131 se
501 2097 577 2144 Me.
599 2094 711 2130 Leid.
731 2096 917 2139 probante
933 2097 1115 2133 Bokeria.

104 2145 146 2191 3)
175 2144 234 2177 Sic
254 2145 392 2180 Davi-t.
420 2156 439 2176 e
459 2144 681 2177 coniectura
702 2143 886 2182 Bentleii,
915 2149 977 2188 qui
997 2157 1124 2177 tamen
1145 2158 1221 2180 ser-

58 2192 175 2228 vavit
194 2188 403 2230 excanduit.
454 2190 580 2236 Vulgo
607 2187 746 2223 habent
767 2188 841 2223 vim
859 2206 906 2221 a·
924 2190 1138 2228 excanduit.
