1503 2584
195 132 238 165 18
350 123 408 160 IN
430 121 642 158 TUSCUL.
664 123 816 159 DISPP.
842 125 907 161 ET
933 125 1203 163 PARADOXA

198 234 340 260 rerum
358 221 541 259 tollenda
562 221 730 258 omnino
751 223 987 273 aegritudo;
1013 231 1061 262 ut
1081 226 1119 263 si·
1136 225 1226 277 quis
1245 231 1364 275 aegre

198 278 308 317 serat
336 292 378 315 se
410 291 634 329 pauperem
664 290 774 325 esse,
807 279 905 317 idne
934 279 1118 332 disputes
1141 267 1366 333 paupefta-

203 341 287 373 tem
305 335 459 372 malum
479 347 563 370 non
584 347 694 382 esse3
723 346 775 371 an
792 334 1142 388 hominem-aegre
1162 340 1270 375 ferre
1299 339 1368 376 ni-

201 389 263 431 hil
291 395 494 441 oportere.
562 388 645 427 lam
673 402 835 428 omnem
862 391 1063 429 eiusmodi
1085 395 1367 443 perturbatio-—

201 460 297 484 nem
316 446 443 483 animi
462 445 694 497 placatione
717 446 829 483 ablui
847 447 1009 497 quidem
1023 477 1032 495 ,
1061 462 1187 498 quum
1207 450 1366 497 doceas,

201 516 279 540 nec
305 503 460 540 bonum
488 501 594 538 illud
624 514 730 548 esse,
768 514 821 538 ex
850 514 930 552 quo
960 503 1119 540 laetitia
1146 510 1218 541 aut
1235 505 1365 542 libido

205 559 379 606 oriatur,
406 570 482 595 nec
503 556 657 593 malum
677 570 729 594 ex
750 570 830 607 quo
858 563 929 594 aut
946 565 1078 595 metus
1097 565 1169 596 aut
1185 561 1367 611 aegritu-

203 615 276 652 do:
317 619 470 650 certam
501 618 636 650 tamen
666 619 708 650 et
729 613 945 664 {propriam
975 616 1230 652 sanationem
1261 629 1366 662 esse,

203 671 239 708 si
253 670 418 716 doceas,
446 669 553 719 ipsas
572 669 906 720 perturbationes
927 682 1000 720 per
1020 683 1061 706 se
1078 684 1164 708 esse
1184 672 1367 720 vitiosas,

203 740 280 763 nec
307 725 458 763 habere
489 725 711 775 quidquam
746 730 817 761 aut
850 725 1039 762 naturale
1073 733 1145 763 aut
1179 735 1370 765 necess&-

203 784 326 819 rium.
386 780 501 817 Illam
530 786 667 817 autem
696 780 900 817 rationem
928 794 1030 831 quae
1051 781 1182 832 ipsam
1203 783 1368 833 opinio-

204 852 301 876 nem
329 838 426 875 boni
455 842 533 873 aut·
553 836 650 873 mali
677 836 816 883 tollat,
847 836 1055 874 utiliorem
1076 838 1240 887 quidem
1260 850 1368 884 esse,

207 894 279 934 sed
300 907 394 931 raro
414 892 634 943 proficere,
670 905 803 942 neque
823 906 908 929 esse
926 893 978 930 ad
997 893 1145 944 vulgus
1167 893 1370 931 adhiben-

207 951 314 987 dam.
381 948 453 986 Est
479 948 623 995 etiam,
661 949 733 985 ubi
752 947 941 986 adhiberi
959 948 1081 999 plane
1104 963 1188 986 non
1207 956 1368 1000 potest,

206 1006 316 1055 quod
342 1018 430 1052 res,
466 1017 569 1054 quae
588 1005 805 1053 perturbat
823 1004 1005 1040 animum
1019 1033 1029 1050 ‚
1062 1017 1160 1041 vere
1182 1011 1243 1042 est
1264 1007 1370 1043 bona

207 1067 279 1098 aut.
308 1060 436 1107 mala3
478 1066 688 1108 tamquam
719 1059 755 1094 si
782 1058 873 1108 quis
902 1070 1019 1108 aegre
1042 1058 1169 1106 ferat,
1198 1060 1305 1096 nihil
1326 1060 1370 1097 in

206 1130 248 1154 se
276 1130 361 1154 esse
389 1114 581 1161 virtutis,
618 1113 735 1162 nihil,
755 1113 905 1160 animi,
947 1112 1055 1150 nihil
1083 1112 1227 1163 officii,
1263 1115 1372 1154 nihil

206 1172 448 1211 honestatis.
479 1185 511 1207 o.
529 1182 581 1215 27
601 1188 658 1196 —
676 1182 742 1220 29.
799 1168 995 1207 Extremo
1014 1169 1103 1206 loco
1127 1170 1369 1221 adiungitur

206 1227 431 1279 disputatio
462 1227 512 1264 de
541 1225 714 1275 singulis
739 1224 984 1275 quibusdam
1008 1227 1370 1275 perturbationum

206 1283 424 1335 generibus
454 1287 565 1319 recte
585 1281 800 1327 sanandi83
837 1286 877 1316 et
896 1293 1022 1330 quum
1043 1280 1091 1317 de
1113 1282 1369 1331 aegritudine

206 1339 304 1377 satis
334 1339 417 1375 iam
445 1342 550 1374 esset
574 1337 682 1373 libro
704 1336 828 1374 tertio
852 1335 1106 1386 disputatum
1127 1337 1262 1387 agitur
1279 1340 1370 1389 pri-

201 1409 321 1433 mum
342 1394 391 1431 de
412 1392 593 1430 sanando
617 1397 750 1438 metu,
788 1405 822 1428 c.
843 1392 907 1429 30.
930 1392 979 1428 de
999 1391 1156 1429 laetitia
1178 1406 1210 1429 c.
1230 1394 1295 1430 31.
1318 1396 1368 1432 de

206 1463 344 1496 amore
366 1464 398 1487 c.
418 1450 471 1488 32
494 1469 549 1476 —
567 1447 632 1485 55.
665 1447 714 1484 de
742 1447 806 1484 ira
832 1461 865 1484 c.
888 1447 953 1485 36.
986 1447 1237 1498 omninoque
1269 1463 1369 1487 con-

207 1507 414 1553 cluditur3
453 1504 637 1549 omnium
667 1503 793 1540 animi
824 1504 1064 1541 morborum
1099 1517 1225 1541 unam
1259 1505 1367 1543 hane

206 1562 462 1602 sanationem
481 1573 566 1598 esse
579 1570 598 1596 :-
618 1572 758 1596 omnes
778 1559 1005 1610 opinabiles
1025 1572 1110 1595 esse
1122 1561 1370 1598 etvoluntae-

205 1619 312 1666 rios,
343 1630 390 1655 ea
410 1629 536 1667 reque
559 1616 712 1667 suscipi
727 1615 838 1666 quod
853 1614 914 1653 ita
937 1621 1099 1654 rectum
1118 1628 1204 1653 esse
1224 1617 1369 1655 videa*

209 1680 290 1712 tur.
322 1687 356 1712 c.
375 1673 441 1724 57.
461 1673 527 1711 58.

622 1825 766 1869 Libro
796 1827 963 1884 quinto

209 1960 445 1998 continetui
474 1958 609 2010 quinti
637 1957 721 1996 diei
741 1956 987 2009 disputatio,
1016 1968 1094 2020 qua
1113 1954 1370 1994 demonstia-

207 2021 278 2054 tur
296 2019 493 2053 virtulem
517 2014 577 2052 ad
593 2010 708 2052 beate
726 2012 945 2051 vivendum
973 2027 1014 2050 se
1043 2013 1134 2062 ipsa
1163 2026 1248 2049 ease
1273 2026 1370 2049 eon-

207 2078 377 2109 tentam
436 2071 535 2109 Eam
564 2070 694 2122 ipsam
721 2069 968 2108 sententiam
994 2068 1145 2106 Brutus
1174 2068 1260 2119 ipse
1281 2081 1369 2105 mas

204 2128 315 2166 xime
333 2128 557 2180 probabat,
585 2126 709 2178 idque
729 2124 872 2166 Cicero
891 2125 950 2164 ait
966 2138 1008 2163 se
1031 2124 1284 2163 intellexisse
1316 2135 1367 2161 ex
