1503 2584
212 130 257 156 xo
368 121 426 158 IN
443 119 653 158 Tuscm..
669 119 823 157 mspp.
847 121 912 158 ET
934 122 1200 159 PARADOXA'

209 218 336 266 meri,
363 232 466 270 quae
498 219 740 272 plerumque
767 218 855 259 sine
879 232 1002 260 sensu
1028 221 1121 271 fiat,
1147 224 1358 263 nonnum}

208 287 332 326 quam
355 276 479 314 etiam
509 289 603 314 cum
629 275 861 326 voluptate,
898 277 969 316 sed
995 278 1073 317 hoc
1098 279 1356 332 potissimum

208 330 394 370 homines
412 344 580 384 angere,
607 331 717 382 quod
736 345 845 369 mors
864 334 917 371 sit
934 333 1133 373 discessus
1152 337 1202 373 ab
1220 337 1356 374 omni-—

208 387 315 426 bus
303 388 374 435 iis,
411 401 513 439 quae
540 394 636 426 sunt
654 388 790 425 bona
779 402 823 426 1n
842 390 941 427 vita.
1000 390 1081 428 Sed
1097 404 1144 430 ea
1163 392 1268 429 bona
1285 400 1357 432 aut

207 443 376 496 opinata
398 458 502 482 esse.
538 449 610 481 aut
628 450 710 481 tam
729 456 856 485 nauca
874 451 915 483 et
932 459 1077 496 parva,
1113 454 1162 485 ut
1183 461 1207 485 a
1224 449 1355 485 malo-¹

205 512 300 538 rum
327 507 400 539 aut
423 499 704 551 magnitudine
731 506 802 540 aut
819 502 1084 540 multitudine
1104 505 1356 552 obruantur,

207 563 249 594 et
268 562 397 593 morte
415 557 554 594 omnia
572 555 677 594 mala
697 562 736 593 ot
754 557 937 607 pericula
955 558 1088 611 effugi.
1116 573 1148 597 c.
1160 560 1212 598 34
1224 578 1269 586 -—-
1287 560 1353 597 35.

206 611 343 651 Nullis
370 614 492 651 etiam
521 613 637 650 bouis
671 625 809 650 carere
838 620 1040 662 mortuos,
1079 615 1188 667 quod
1216 627 1355 653 carere

204 668 239 708 is
267 669 431 707 demum
458 669 639 713 dicatur,
675 668 741 706 cui
771 669 877 707 desit
897 671 1005 720 quod
1022 671 1246 718 desideret,
1277 684 1355 708 nee

202 725 390 763 odiosum
419 738 526 772 esse,
560 725 648 763 sine
679 737 799 763 sensu
824 739 929 771 esse,
961 726 1282 777 quoniamnihil
1308 727 1354 765 iu

203 793 252 818 eo
279 782 408 832 possit
433 794 517 818 esse
545 781 750 825 odiosum,
785 781 855 831 qui
879 782 965 833 ipse
985 796 1068 820 non
1089 783 1161 830 sit,
1189 783 1353 834 quince

202 843 341 875 careat
376 851 452 876 nec
480 838 642 875 sentiat.
679 851 711 874 c.
747 837 870 875 56-
898 839 962 889 37.
1051 838 1193 890 ltaque
1229 839 1353 877 licere

201 894 325 932 etiam
355 906 467 939 eum,
504 893 575 944 qui
602 894 816 931 mortalem
845 906 930 931 esse
964 895 1146 934 animum
1177 895 1352 941 iudicet,

201 956 369 988 aeterna
385 949 538 997 moliri,
565 963 646 987 non
669 948 821 1000 gloriae
841 950 1086 1001 cupiditate,
1119 965 1239 1002 quam
1258 964 1353 988 sen-

200 1019 322 1044 surus
342 1019 427 1043 non
449 1006 513 1052 sit,
535 1005 605 1042 sed
623 1005 804 1050 virtutis,
823 1019 944 1055 quam
959 1009 1188 1045 necessario
1209 1007 1354 1058 gloria',

201 1062 323 1099 etiam
363 1062 398 1098 si
436 1060 479 1097 id
508 1060 594 1111 ipse
623 1074 706 1097 non
736 1066 844 1110 agat,
893 1069 1177 1111 consequatur.
1220 1075 1253 1099 e.
1287 1063 1355 1099 3&

201 1116 415 1155 Pellendas
442 1116 568 1166 igitur
589 1129 673 1154 esse
704 1116 801 1152 istas
828 1116 1024 1168 ineptias,
1063 1125 1158 1156 ante
1190 1124 1352 1169 tempus

199 1174 327 1219 mori,
365 1173 557 1210 miserum
590 1185 696 1217 esse3
735 1177 861 1208 totam
890 1171 1025 1223 potius
1052 1174 1137 1212 vim
1165 1174 1266 1211 bene
1285 1175 1350 1211 vi·-

198 1229 323 1268 vendi
355 1229 399 1266 in
428 1226 555 1265 animi
583 1228 729 1264 robore
748 1233 788 1264 et
807 1229 1087 1278 magnitudine
1114 1236 1155 1267 et
1175 1230 1218 1268 in
1238 1229 1351 1267 omni

199 1287 383 1324 omnium
412 1297 550 1323 rerum
580 1283 852 1320 humanarum
885 1285 1190 1336 contemptione
1229 1292 1270 1323 et
1305 1287 1350 1323 in

199 1344 313 1380 omni
332 1341 487 1382 virtute
507 1339 735 1390 ponendam
760 1352 857 1376 esse.
888 1352 920 1376 c.
939 1340 1132 1391 39—-42
1154 1359 1158 1364 ¹
1189 1341 1249 1378 De
1270 1341 1349 1380 hu-

199 1399 379 1436 matione
406 1401 540 1434 autem
560 1409 607 1432 ac
627 1395 837 1446 sepultura
858 1409 942 1432 non
963 1409 1048 1433 esse
1067 1397 1350 1445 laborandum,

198 1455 309 1505 quod
337 1467 383 1490 ea
407 1451 510 1491 nihil
539 1451 591 1488 ad
610 1457 818 1492 mortuum
837 1451 1054 1501 peitineat.
1083 1466 1115 1489 c.
1139 1454 1192 1492 43
1213 1473 1264 1480 -——
1285 1454 1350 1493 45.

197 1510 378 1561 Operam
406 1509 543 1563 potius
577 1506 751 1547 (landun
778 1520 863 1546 esse
884 1513 930 1547 ut
955 1507 1200 1576 laudabilem
1222 1511 1350 1550 vitam

196 1567 358 1625 glorios
352 1579 372 1602 ¹.
391 1565 549 1603 ratione
568 1563 770 1600 finiamus,
796 1576 828 1600 c.
849 1562 914 1603 46.

334 1619 493 1672 Epilogi
519 1620 610 1657 loco
637 1619 864 1658 all'eiuntur
890 1617 1073 1673 ipsorum
1102 1620 1271 1662 deorum
1297 1624 1348 1664 de
1384 1639 1389 1652 2

196 1684 330 1719 morte
361 1675 609 1719 iestnnonia,
649 1680 689 1712 et
714 1673 928 1715 hominum
958 1675 1007 1713 de
1029 1682 1160 1715 morte
1178 1691 1254 1729 pro
1274 1693 1348 1732 pa*

196 1735 283 1779 tria
298 1733 480 1786 oppetita
499 1731 724 1788 opiniones.
750 1744 783 1773 o.
801 1733 851 1781 47
874 1750 925 1758 --
945 1732 1012 1788 49.

540 1850 600 1897 Ιιι
639 1850 761 1896 libro
796 1850 1006 1895 secundo

198 1959 270 2011 qui
301 1962 369 1996 ‘est
403 1957 452 1995 de
489 1957 700 1994 tolerando
730 1956 886 2001 dolore,
922 1963 1015 2007 post
1050 1958 1345 2008 praefationem

195 2030 277 2067 qua
304 2014 543 2052 cohortatur
569 2012 620 2049 ad
647 2012 948 2063 philosophiam
972 2012 1188 2064 diligenter
1207 2017 1348 2054 colen-

198 2073 312 2118 dam,
342 2068 578 2118 Latinisque
604 2068 793 2120 inprimis
822 2069 951 2106 literis
979 2068 1283 2119 illustrandam,
1313 2086 1346 2111 c.

203 2142 219 2167 1
243 2145 299 2154 ·--
316 2126 352 2163 3.
413 2123 660 2174 colloquium
697 2124 909 2162 inducitur
934 2125 984 2160 ab
1011 2124 1137 2174 ipsius
1162 2126 1346 2177 philoso-

197 2184 321 2236 phiae
339 2180 528 2220 laudibus
539 2193 551 2229 5
592 2187 633 2218 et
651 2194 777 2232 quum
797 2180 960 2218 auditor
979 2179 1085 2216 hanc
1102 2184 1344 2222 sententiam
