1503 2584
260 117 328 156 322
557 110 615 148 M.
650 110 818 148 TULLII
858 112 1131 149 CICERONIS

267 204 457 248 minutis
493 205 962 261 interrogatiunculis,
1010 205 1139 262 quasi
1176 206 1379 262 punctis,
1411 214 1430 236 1

271 262 393 319 quod
413 261 674 318 proposuit,
701 260 848 302 efficit.
907 261 992 303 Sed
1021 262 1134 303 nihil
1166 269 1232 303 est
1254 269 1343 303 tam
1366 263 1434 304 in-

272 318 511 373 credibile,
560 317 679 372 quod
710 331 802 357 non
836 317 1025 359 dicendo
1064 318 1141 359 fiat
1177 318 1437 375 probabile:

271 373 389 416 nihil
408 381 501 415 tam
522 372 780 427 horridum,
810 381 900 415 tam
925 373 1172 426 incultum,
1200 373 1320 430 quod
1341 388 1434 416 non

274 443 295 470 s
328 430 555 473 lendescat
589 428 814 484 oratione,
857 437 902 470 et
932 436 1157 485 ta-nquam
1188 429 1434 471 excolatur.

322 486 411 528 uod
431 500 569 542 quum
580 484 650 534 „ita
668 494 874 541 putarem
889 517 901 540 ,
942 486 1029 527 feci
1048 485 1182 527 etiam
1202 485 1410 528 audacius
1423 518 1434 539 ,

274 557 412 598 quam
446 541 524 585 ille
560 541 681 598 ipse,
726 541 779 582 de
808 555 894 597 quo
921 541 1094 598 loquor.
1162 543 1274 583 Cato
1316 542 1438 584 enim

274 599 498 640 duntaxat
524 598 578 639 de
607 597 916 654 magnitudine
937 597 1102 652 animi,
1132 598 1185 639 de
1205 598 1437 640 continen-

274 656 360 709 tia,
401 654 455 696 de
484 660 654 708 morte,
683 664 699 684 ²
738 653 791 695 de
819 654 942 694 omni
979 654 1111 694 laude
1141 654 1342 706 virtutis,
1381 654 1436 694 de

276 712 361 756 diis
388 709 740 763 immortalibus,
779 709 833 750 ‹le
857 708 1040 749 caritate
1065 709 1255 762 patriae,
1287 709 1437 750 Stoice

274 767 411 818 solet,
450 764 659 807 oratoriis
693 765 966 805 ornamentis
1001 764 1237 819 adhibitis,
1275 765 1436 806 dicere.

277 822 374 877 Ego
400 835 505 863 vero
534 820 610 861 illa
631 820 751 874 ipsa,
792 833 903 874 quae
927 819 1002 860 vix
1023 819 1069 859 in
1089 820 1354 876 gymnasiis,
1393 829 1436 861 et

275 879 326 919 in
349 878 442 919 otio
466 875 605 916 Stoici
624 875 842 931 probant,
875 874 1034 915 ludens
1058 875 1232 915 conieci
1251 876 1297 915 in
1316 891 1439 918 com-

275 948 437 976 munes
472 933 609 974 locos.
685 930 835 986 Quae,
876 930 976 986 quia
1005 938 1109 972 sunt
1133 929 1437 986 admirabilia,

277 997 521 1046 contraque
548 986 811 1042 opinionem
840 985 1068 1040 omnium,
1099 986 1153 1027 ab
1174 985 1280 1041 ipsis
1304 987 1440 1029 etiam

275 1044 515 1121 παράδοξοι
536 1054 844 1111 appellantur,
874 1060 1049 1096 tentare
1067 1054 1212 1109 votui,
1240 1063 1442 1111 possent-

276 1128 335 1157 ne
363 1110 558 1171 proferri
584 1111 632 1151 in
658 1109 828 1161 lucem,
866 1108 933 1170 [id
957 1117 1042 1162 est,
1065 1110 1114 1151 in
1134 1106 1331 1171 forum‚]
1353 1120 1366 1149 ι
1396 1120 1440 1154 et

279 1171 344 1213 ita
365 1170 470 1224 dici,
498 1173 550 1208 ut
569 1165 883 1230 probarentur,
907 1181 964 1207 an
983 1167 1067 1208 alia
1089 1166 1304 1223 quaedam
1327 1177 1441 1210 esset

278 1226 482 1282 erudita,
524 1223 613 1265 aha
640 1223 872 1279 popularis
903 1223 1071 1265 oratio:
1118 1237 1258 1279 eoque
1285 1225 1440 1281 scripsi

278 1293 517 1348 libentius,
544 1290 664 1348 quod
683 1290 800 1331 mihi
816 1291 921 1344 ista,
949 1279 1185 1352 παράδοξα,
1215 1307 1326 1348 quae
1363 1308 1441 1350 ap..

278 1350 478 1408 pellant,
506 1347 705 1389 maxime
723 1346 933 1390 videntur
954 1361 1044 1389 esse
1065 1348 1313 1404 Socratica,
1341 1349 1441 1391 lon-

279 1421 424 1464 geque
445 1404 684 1447 verissima.
740 1403 950 1460 Accipies
976 1403 1117 1460 igitur
1141 1402 1226 1444 hoc
1250 1420 1439 1459 parvum

280 1460 574 1519 opuseulum,
605 1459 894 1501 lucubratum
922 1459 991 1501 his
1020 1460 1111 1501 iam
1129 1462 1443 1502 contractiori-

280 1519 363 1560 bus
391 1516 619 1558 noctibus:
658 1517 870 1572 quoniam
895 1515 1006 1556 illud
1030 1516 1252 1558 maiorum
1272 1517 1443 1574 vigilia-

275 1588 380 1615 rum
406 1585 571 1613 munus
590 1572 639 1612 in
659 1579 736 1612 tuo
758 1571 939 1613 nomine
961 1572 1193 1627 apparuit3
1230 1582 1274 1614 et
1303 1576 1441 1630 degu-

277 1629 414 1672 stabis
439 1641 580 1692 genus
607 1627 694 1668 hoc
720 1628 1094 1669 exercitationum
1123 1642 1302 1684 earum,
1341 1630 1442 1685 qui-

280 1686 364 1727 bus
393 1692 461 1726 ut1
487 1683 721 1739 consuevi,
759 1698 898 1740 quum
918 1698 992 1740 ea,
1027 1698 1139 1740 quae
1159 1684 1372 1727 dicuntur
1390 1686 1439 1727 in

330 1875 364 1914 ι)
392 1868 517 1915 Vulgo
547 1869 637 1903 olim
669 1876 706 1901 et
726 1866 827 1914 quasi
847 1866 1008 1914 punctis.
1057 1867 1209 1903 Rectius
1228 1867 1313 1902 cod.
1338 1868 1438 1902 Pith·

283 1917 426 1951 omissa
455 1914 594 1962 copula
620 1913 722 1961 quasi
741 1915 907 1962 punctis,
934 1913 1050 1960 idque
1065 1915 1274 1960 probarunt
1297 1915 1440 1950 Graev.

282 1962 376 1996 Era.

327 2013 364 2049 2)
389 2008 464 2042 Pro
482 2006 528 2041 de
552 2005 790 2044 continentia,
812 2005 858 2039 de
878 2014 996 2040 morte
1012 2005 1182 2040 nonnulli
1196 2008 1273 2052 tegi
1295 2007 1440 2041 malue-

282 2063 371 2088 runt
393 2053 438 2087 de
460 2052 734 2087 contemnenda
756 2061 885 2086 morte.

324 2101 366 2144 3)
396 2099 522 2132 Verba
552 2098 589 2132 id
620 2107 674 2132 est
701 2099 739 2131 in
771 2097 889 2131 forum
922 2099 1003 2131 iam
1024 2098 1115 2131 olim
1132 2095 1224 2132 mihi
1241 2097 1330 2132 visa
1349 2107 1438 2131 sunt

278 2147 458 2181 sumina.
511 2147 698 2178 Assem-us
727 2154 783 2178 est
815 2144 911 2178 mihi
945 2144 1172 2184 Wemstuu
1210 2145 1437 2190 praesertim

279 2203 390 2239 quum
413 2197 489 2225 isca
511 2202 533 2223 a
556 2190 675 2224 tribus
700 2189 798 2225 Aldz·
818 2190 927 2226 libris
945 2189 1086 2229 absim,
