1503 2584
507 153 793 190 PARAnoxA.
1067 149 1071 152 '
1157 149 1242 196 ’345

72 249 256 302 foenus,
285 246 490 302 exiguus.
548 245 622 286 Ex
640 259 742 286 meo
763 243 889 286 tenui
908 243 1140 301 vectigali,
1167 245 1245 286 de-

72 304 227 347 tractis
245 302 500 359 sumptibus
518 300 801 357 cupiditatis,
831 300 998 356 aliquid
1020 302 1155 342 etiam
1173 317 1244 344 re·

75 358 307 402 dundabit.
365 356 483 399 Uter
519 358 660 413 igitur
698 365 761 398 est
797 355 957 410 ditior,
992 357 1066 398 cui
1097 357 1218 399 deest

75 432 134 458 an
163 415 234 457 cui
262 409 477 471 superat?
534 414 611 470 qui
645 419 766 470 eget,
813 427 869 454 an
901 414 977 469 qui
1006 413 1204 455 abundat
1225 447 1234 457 .

79 472 203 514 cuius
220 470 439 526 possessio
460 484 548 526 quo
573 476 639 511 est
661 468 828 524 maior,
858 482 911 509 eo
932 469 1034 524 plus
1052 470 1245 525 requirit

77 529 133 571 ad
161 541 206 569 se
237 526 473 568 tuendam:
511 541 564 567 au
596 540 707 581 quae
735 525 825 566 suis
851 540 897 566 se
925 525 1094 566 viribus
1116 529 1247 568 susti-

78 578 189 626 net?
248 581 332 623 Sed
356 581 460 636 quid
480 596 562 636 ego
583 581 636 622 de
656 595 728 622 me
748 581 933 636 loquor,
961 581 1041 636 qui
1059 596 1243 623 morum

79 653 129 682 ac
155 645 414 692 temporum
443 638 556 678 vitio
584 637 865 691 aliquantum
887 636 1053 678 etiami
1090 652 1134 678 se
1155 637 1249 680 for-

77 702 190 737 tasse
210 694 257 735 in
279 692 412 734 huius
441 691 609 734 saeculi
637 703 789 733 errore
816 693 995 736 verser?
1109 693 1120 713 '
1147 694 1249 735 Ma·-

76 750 212 793 uilius
240 757 422 804 patrum
442 756 704 803 nostrorum
722 746 939 790 memoria
967 747 1048 805 (ne
1069 764 1248 805 semper

79 805 265 858 Curios,
303 811 348 846 et
382 804 604 846 Luscinos
640 800 904 900 loquamur?
943 817 1116 859 pauper
1150 813 1250 847 tan-

79 862 184 904 dem
214 861 313 902 fuit.
379 860 553 902 Habuit
580 859 700 900 enim
728 859 881 900 aedicu
904 874 948 900 as
978 860 1023 901 in
1046 859 1248 917 Carinis,

80 926 126 959 et
153 916 346 958 fundum
374 916 419 957 in
447 915 689 956 Labicano.
751 915 848 955 Nos
876 915 1015 970 igitur
1041 916 1250 973 ditiores,

82 974 163 1029 qui
184 973 310 1027 plura
331 967 580 1013 habemus?
610 970 794 1013 Utinam
812 969 1012 1027 quidem!
1046 973 1133 1015 Sed
1154 989 1248 1016 non

82 1028 387 1071 aestimatione
416 1041 599 1083 census,
636 1041 792 1069 ver-um
823 1028 943 1069 victu
973 1037 1103 1085 atque
1124 1031 1250 1072 cultu

81 1083 349 1125 terminatur
379 1083 594 1139 pecuniae
623 1084 795 1125 modus.
867 1084 975 1126 Non
1004 1100 1095 1127 esse
1125 1086 1252 1142 cupi-

82 1140 216 1196 dum,
242 1140 434 1195 pecunia
455 1146 544 1192 esl.;
585 1154 677 1181 non
698 1155 789 1181 esse
809 1155 1032 1195 emacem,
1060 1142 1252 1198 vectigal

83 1203 176 1248 θεῖε,
208 1203 472 1237 contentum
493 1210 598 1237 vero
621 1197 708 1237 suis
728 1197 859 1236 rebus
879 1211 993 1250 esse,
1024 1199 1251 1240 maximae

82 1259 213 1306 sunt,
242 1251 598 1308 certissimaeque
623 1261 631 1282 ¹
668 1252 859 1294 divitiae.
917 1253 1097 1295 Etenim
1124 1254 1253 1296 si'isti

87 1308 239 1350 callidi
265 1323 418 1350 rerum
446 1310 748 1350 aestimatores
772 1315 899 1364 prata
920 1316 964 1349 et
984 1325 1105 1351 areas
1125 1325 1253 1367 quas-

86 1365 191 1406 dam
222 1378 387 1420 magno
417 1365 677 1419 aestimant,
707 1365 827 1421 quod
849 1365 892 1406 ei
910 1368 1062 1421 generi
1082 1381 1258 1420 posses-

86 1421 265 1462 sionum
295 1420 481 1461 minime
509 1421 634 1476 quasi
663 1427 684 1450 2
714 1421 868 1462 noceri
889 1429 1058 1478 potest:
1095 1422 1253 1478 quanti

88 1484 155 1518 est
175 1476 450 1518 aestimanda
471 1477 625 1531 virtus,
657 1491 767 1534 quae
789 1492 867 1519 nec
887 1478 1024 1534 eripi,
1054 1493 1137 1520 nec
1157 1493 1256 1520 sur-

86 1532 176 1589 ripi
203 1538 351 1588 potest
381 1546 619 1588 umquam3
657 1548 802 1588 neque
823 1533 1080 1590 naufragio,
1109 1549 1254 1592 neque

88 1588 299 1630 :incendio
312 1587 559 1643 amittitur3
588 1603 670 1630 nec
692 1596 1024 1646 tempestatum,
1044 1605 1124 1632 nec
1141 1598 1256 1632 tem-

89 1658 255 1701 porum
275 1644 614 1701 perturbatione
640 1649 654 1674 ³
684 1640 919 1687 mutatur?
959 1660 1044 1702 qua
1062 1647 1256 1703 praediti

94 1701 170 1756 qui
189 1709 307 1755 sunt,
337 1699 420 1742 soli
439 1708 544 1742 sunt
563 1701 730 1744 divites.
773 1702 869 1744 Soli
887 1702 1006 1744 enim
1027 1703 1257 1760 possident

141 1860 182 1905 ι)
211 1860 431 1894 Gronovius
449 1859 504 1894 ad
524 1860 622 1896 Scae.
647 1874 684 1907 ρ.
708 1868 784 1902 285.
809 1861 1012 1897 ed.Hand.
1038 1865 1134 1897 coni.
1158 1876 1257 1898 com-

96 1905 379 1953 ptiuirnaoque,
405 1917 441 1939 ec
458 1908 511 1940 sic
532 1909 672 1953 legitur
692 1913 730 1941 in
753 1908 836 1941 cod.
863 1910 950 1943 Car.
969 1910 1046 1942 Lan
1075 1915 1123 1948 ii.
1155 1911 1258 1944 unde

98 1951 354 1989 Ruhnkem'us,
375 1953 514 1996 siquid
526 1953 749 1988 mutandum
762 1964 858 1988 esset
877 1955 1023 1988 scriberz
1056 1969 1116 1989 um
1129 1968 1259 2000 ponus

100 1999 327 2031 <minabatur
361 1999 721 2046 copiosissimamque.
789 2002 844 2034 Ac
879 2002 1044 2047 vulgata
1082 2012 1184 2036 recte
1218 2015 1258 2036 se

99 2041 236 2084 habu,-
269 2043 490 2077 certissimae
515 2051 612 2078 enim
641 2046 804 2089 refertur
826 2045 880 2078 ad
898 2046 939 2080 1'd
961 2047 1063 2091 quod
1091 2053 1259 2093 sequitur

93 2089 211 2122 virtus
233 2100 324 2135 quae
343 2102 412 2123 nec
435 2090 525 2136 eripi
545 2103 613 2124 nec
634 2092 763 2138 surripi
795 2102 917 2138 potest
943 2104 1114 2141 umquam
1139 2106 1210 2128 etc.

148 2139 183 2175 2)
209 2134 309 2180 quasi
349 2136 547 2169 Ernescius
586 2149 802 2181 corruptum
834 2139 1012 2183 putabat.
1076 2142 1259 2176 Gruterus

101 2179 243 2226 aliique
262 2181 303 2214 id
321 2179 354 2219 Ιι,
375 2182 404 2215 l.
422 2193 491 2225 pro
521 2181 598 2216 fere
619 2183 764 2217 dictum
784 2185 1018 2220 existimant.

145 2229 182 2272 3)
208 2225 297 2260 edd.
322 2228 402 2261 col.
428 2228 558 2262 Venae.
582 2228 865 2276 pexmutatione.
