1503 2584
241 102 311 149 296
487 101 686 138 TUSCUL
693 126 703 136 .
719 102 1159 152 ΔΒΙΞΡΠΤΑΤΙΟΝΗΜ

249 208 331 235 cur
357 208 463 236 eum
490 194 673 236 beatum
700 194 863 247 modo,
908 201 953 236 et
984 210 1076 238 non
1101 194 1411 238 beatissimum

249 251 387 294 etiam
424 245 653 292 dixerim?
712 251 929 292 Dolorem
961 267 1065 293 vero
1097 251 1270 308 sapiens
1300 253 1413 294 exti-

249 301 455 351 mescet?
513 307 552 348 ls
573 308 693 348 enim
723 306 830 348 huic
856 308 1051 349 maxime
1077 307 1319 350 sententiae
1346 323 1415 354 re-

252 369 441 421 pugnat.
498 363 619 405 Nam
641 370 798 404 contra
820 375 1009 405 mortem
1029 372 1250 417 nostram,
1282 371 1413 420 atque

253 426 543 472 nostrorum,
588 427 833 474 contraque
867 420 1188 475 aegritudinem
1228 428 1269 461 et
1312 422 1417 462 reli-

255 489 362 531 quas
400 475 537 516 animi
572 475 930 532 perturbationes
958 477 1061 516 satis
1089 490 1179 517 esse
1209 476 1416 518 videmur

255 532 538 585 superiorum
571 532 747 572 dierum
776 531 1156 586 disputationibus
1183 533 1343 574 armati
1374 542 1419 576 et

257 588 415 644 parati.
489 587 634 629 Dolor
670 603 762 630 esse
791 588 965 629 videtur
991 588 1231 630 acerrimus
1258 589 1418 631 virtuti

256 643 548 687 adversarius.
608 644 650 686 Is
667 644 868 686 ardentes
886 644 1003 685 faces
1026 645 1241 697 intentat3
1269 645 1304 686 is
1324 645 1416 688 for·-

256 699 521 755 titudinem,
557 701 913 755 magnitudinem
951 701 1115 755 anImi,
1156 702 1416 754 patientiam

256 769 302 806 se
331 754 670 798 debilitaturum
700 765 707 785 ¹
741 757 951 797 minatur.
1010 757 1130 798 Huic
1161 757 1299 811 igitur
1320 774 1418 800 suc-

259 812 442 853 cumbet
479 807 653 853 virtus'?
704 812 810 852 huic
840 811 966 852 beata
998 813 1209 866 sapientis
1237 822 1280 855 et
1310 829 1419 856 con-

259 868 416 909 stantis
443 868 524 908 viri
551 868 640 908 vita
671 863 835 909 cedet?
900 867 1049 917 Quam
1088 865 1250 922 turpe?
1296 884 1322 910 o
1352 871 1419 913 dii

257 920 387 965 boni!
446 924 583 966 Pueri
609 923 861 976 Spartiatae
888 937 980 963 non
1004 923 1302 978 ingemiscunt
1326 941 1422 968 ver-

257 977 420 1021 berum
449 981 605 1021 dolore
632 979 801 1021 laniati.
866 978 1232 1021 Adolescentium
1265 996 1421 1038 greges

256 1034 600 1078 Lacedaemone
622 1036 816 1077 vidimus
834 1034 936 1091 ipsi,
967 1035 1219 1077 incredibili
1240 1046 1423 1080 conteu-

258 1091 381 1133 tione
392 1100 611 1134 certantes
624 1092 803 1148 pugniS‚
820 1092 1028 1146 calcibus,
1051 1092 1290 1147 unguibus,
1302 1109 1422 1136 mor-

261 1161 312 1189 su
333 1148 546 1204 denique,
572 1163 710 1205 quum
734 1148 1101 1190 exanimarentur
1121 1148 1257 1204 prius,
1287 1165 1422 1206 quam

261 1219 306 1246 se
338 1205 474 1246 victos
501 1205 765 1247 faterentur.
831 1204 958 1257 Quae
979 1204 1183 1246 barbaria
1203 1205 1330 1248 India
1350 1221 1424 1250 va-

261 1261 398 1314 stior,
433 1269 510 1302 aut
540 1256 792 1317 agrestior?
837 1261 884 1302 in
914 1275 964 1301 ea
991 1268 1140 1302 tamen
1168 1271 1299 1316 gente
1331 1264 1422 1319 pri-

260 1331 389 1359 mum
408 1318 462 1372 ii,
491 1318 566 1374 qui
586 1317 805 1374 sapientes
826 1315 1071 1369 habentur,
1101 1318 1211 1359 nudi
1230 1327 1423 1362 aetatem

261 1382 426 1429 agunt,
456 1383 499 1416 et
519 1373 704 1415 Caucasi
722 1373 843 1416 nives
865 1372 1191 1429 hiemalemque
1211 1375 1302 1416 vim
1321 1391 1424 1432 per-

260 1428 415 1472 ferunt
441 1431 534 1472 sine
563 1431 740 1471 dolore:
781 1444 1009 1486 quumque
1038 1429 1093 1470 ad
1120 1429 1349 1473 flammam
1374 1448 1421 1475 se

260 1486 624 1542 applicaverunt,
646 1496 661 1516 ²
689 1487 781 1527 sine
803 1485 973 1541 gemitu
995 1485 1261 1528 aduruntur.
1318 1489 1424 1531 Mu-

260 1542 391 1584 lieres
411 1544 579 1585 veroin
604 1543 746 1595 India,
771 1547 785 1578 3
811 1556 953 1597 quum
981 1548 1045 1582 est
1068 1543 1192 1583 cuius
1212 1547 1235 1575 4
1264 1559 1419 1589 earum

261 1599 329 1640 vir
346 1607 564 1652 mortuus⁹
587 1600 629 1639 in
650 1606 876 1640 certamen
896 1597 1202 1652 iudiciumque
1224 1602 1423 1656 veniunt,

263 1670 397 1711 quam
432 1655 678 1711 plurimum
709 1653 786 1695 ille
815 1653 1038 1694 dilexerit.
1113 1653 1269 1696 Plures
1299 1658 1420 1701 enim

263 1712 454 1768 singulis
482 1711 626 1753 solent
648 1724 738 1753 esse
760 1717 940 1766 nuptae.
998 1709 1124 1762 Quae
1147 1718 1212 1752 est
1236 1712 1421 1768 victrix,

312 1863 350 1909 ι)
378 1860 644 1895 debellaturum
681 1858 763 1895 cod.
786 1858 934 1893 Eliens.
954 1870 988 1892 2.

306 1915 341 1946 2)
373 1910 433 1942 Sic
461 1908 602 1942 Davis.
635 1919 655 1938 e
682 1904 767 1939 cod.
797 1906 885 1951 Reg,
906 1905 1008 1940 Pide.
1033 1905 1159 1945 Vatia,
1210 1907 1336 1954 Vulgo
1356 1921 1420 1956 ap.

258 1954 488 2002 plicaverint.

307 2010 328 2042 3
375 2002 417 2033 V.
437 2000 553 2034 ces'in
576 1997 680 2032 India
701 1999 804 2032 uncis
825 1997 1058 2031 incluserunt
1080 1998 1217 2033 Davis.
1243 2009 1280 2033 ct
1299 1999 1419 2034 Erne-

259 2053 357 2081 seius
432 2048 534 2091 Quos
574 2056 673 2078 recte
701 2045 855 2077 sunulic
889 2042 1051 2087 Wolfius
1121 2046 1224 2080 Ναιη.
1254 2046 1352 2080 illud
1381 2047 1420 2084 in

258 2093 364 2127 India
395 2091 616 2125 addendum
650 2100 752 2128 erat,
790 2104 834 2124 ne
867 2091 952 2135 quis
970 2090 1147 2124 mulieres
1169 2090 1216 2124 de
1236 2093 1420 2127 uxoribus

262 2139 671 2180 Grmtmsoplziuarum
694 2142 895 2181 acciperec.

300 2190 337 2229 4)
365 2186 426 2220 Sic
452 2187 590 2219 Davis.
614 2195 634 2215 c
655 2181 769 2216 codd.
794 2183 884 2228 Reg.
905 2193 940 2217 ec
951 2181 1057 2218 Pizk.
1087 2183 1210 2230 Vulgo
1232 2183 1331 2219 cuius
1351 2183 1416 2220 vio.
