1503 2584
306 105 450 143 unm
473 104 706 142 TERTIUS.
755 103 862 142 CAP.
890 116 945 140 ιο.
975 116 1033 141 ιι..
1189 109 1257 152 ¹65

81 215 142 259 go
160 199 291 244 nobis
307 198 575 256 explicanda
596 204 688 252 est,
723 196 771 239 id
789 203 880 253 est,
907 210 1040 240 causa
1057 196 1254 244 efficiens

80 255 412 315 aegritudinem
439 254 488 296 in
518 253 693 311 animo,
720 260 953 310 tamquam
980 257 1254 311 aegrotatio-

80 329 184 357 nem
202 313 251 354 in
270 324 475 368 corpore.
534 309 673 366 Nam,
698 318 750 352 ut
768 309 947 365 medici,
976 324 1110 354 causa
1128 327 1252 358 mor..

77 370 125 412 bi
142 370 348 422 inventa,
383 366 663 408 curationem
695 381 786 410 esse
805 367 1037 410 inventam
1060 374 1251 424 putant:

75 426 139 468 sic
165 438 275 479 nos,
312 437 446 465 causa
475 423 769 479 aegritudinis
787 432 996 482 reperta,
1036 423 1250 468 medendi

74 479 336 525 facultatem
353 479 650 537 reperiemus.
763 518 765 521 ,

212 601 299 646 ΧΙ.
356 602 437 645 Est
455 602 597 660 igitur
614 616 748 644 causa
768 601 917 644 omnis
943 603 993 646 in·
1011 604 1250 664 opinione,

72 674 155 704 nec
181 674 290 703 vero
320 658 616 717 aegritudinis
648 659 822 715 solum,
868 658 946 700 sed
977 661 1114 702 etiam
1142 663 1251 705 reli-

71 730 266 776 quarum
295 715 504 758 omnium
531 714 953 771 perturbationum:
994 730 1107 772 quae
1137 726 1247 762 sunt

69 786 233 831 genere
254 777 473 829 quatuor,
508 770 714 829 partibus
733 769 903 827 plures.
959 771 1083 815 Nam
1102 788 1246 831 quum

71 828 220 872 omnis
228 827 509 886 perturbatio
527 827 585 870 sit
606 827 746 872 animi
763 833 918 870 motus
928 828 1144 872 rationis1
1162 845 1246 874 ex*-

69 900 195 944 pers‚
226 885 295 928 vel
320 885 542 927 rationem
563 898 829 941 aspernans,
865 886 933 926 vel
953 885 1119 928 rationi
1144 901 1242 931 non

70 942 307 998 obediens,
342 942 470 996 isque
494 947 648 982 motus
675 947 754 981 aut
781 940 886 982 boni
914 950 993 982 aut
1017 942 1128 984 mali
1146 944 1246 1009 opi-

68 1000 206 1041 nione
227 997 414 1041 citetur:
445 1005 463 1029 2
496 996 708 1039 bifariam
727 1004 920 1053 quatuor
939 998 1245 1052 perturbatio-

69 1068 150 1098 nes
189 1055 435 1111 aequaliter
469 1050 734 1095 distributae
774 1059 893 1094 sunt.
965 1053 1089 1096 Nam
1125 1054 1242 1099 duae

68 1118 173 1154 sunt
200 1125 259 1153 ex
285 1109 501 1167 opinione
527 1108 659 1150 boni:
697 1123 890 1165 quarum
918 1108 1082 1167 altera,
1111 1112 1244 1155 volu·

69 1175 170 1225 ptas
188 1166 406 1223 gestiens,
430 1165 476 1208 id
496 1173 585 1221 est,
610 1172 787 1222 praeter
805 1165 994 1208 modum
1013 1166 1127 1210 elata
1148 1167 1242 1211 lae-

67 1224 188 1280 titia,
218 1221 436 1279 opinione
456 1222 702 1279 praesentis
722 1221 877 1277 magni
895 1221 1086 1264 alicuius
1105 1223 1241 1279 boni3

68 1280 206 1322 altera
227 1285 244 1312 3
277 1293 391 1335 quae
419 1286 486 1333 est
509 1276 805 1320 immoderata
825 1277 1043 1334 appetitio
1061 1280 1240 1337 opinati

66 1336 220 1392 magni
240 1333 371 1390 boni,
397 1334 565 1377 rationi
584 1348 676 1375 non
697 1333 1040 1389 obtemperans,
1069 1336 1139 1379 vel
1159 1351 1240 1379 cu·

64 1393 229 1450 piditas
248 1398 370 1433 recte
390 1390 461 1432 vel
482 1389 626 1431 libido
650 1388 740 1431 dici
762 1396 921 1446 potest.
978 1391 1045 1432 Er
1077 1407 1104 1434 o
1123 1392 1238 1435 haee

67 1450 157 1492 duo
180 1461 369 1505 genera,
406 1446 614 1502 voluptas
649 1445 845 1502 gestiens
874 1451 920 1488 et
950 1444 1032 1488 libi
1064 1462 1117 1502 o,
1157 1448 1240 1491 bo·

62 1519 227 1549 norum
254 1503 466 1561 opinione
494 1501 758 1557 turbantur,
779 1505 803 1531 ⁴
834 1508 886 1544 ut
914 1501 1005 1545 duo
1031 1505 1239 1562 reliqua5

61 1570 210 1606 metus
228 1568 275 1603 et
292 1559 551 1616 aegritudo,
579 1557 819 1601 malorum.
867 1558 991 1601 Nam
1009 1567 1053 1602 et
1070 1569 1236 1618 metus,

63 1618 218 1675 opinio
235 1616 390 1673 magni
409 1614 519 1658 mali
544 1617 607 1658 im
643 1615 869 1669 endentis3
906 1623 952 1659 et
970 1614 1244 1673 aegritudo„

61 1682 131 1718 est
153 1673 315 1732 'opinio
343 1673 498 1730 magni
524 1687 600 1716 ma
624 1673 633 1680 '
668 1672 941 1730 praesentis:
977 1680 1024 1715 et
1050 1674 1236 1730 quidem

109 1876 145 1914 ι)
172 1872 297 1919 Vulgo
316 1869 375 1906 vel
397 1868 562 1908 rationis,
581 1868 692 1903 Illud
711 1867 772 1904 vel
789 1867 1000 1905 delendum
1022 1879 1108 1907 esse
1125 1869 1234 1908 vidia

64 1916 270 1957 nolemus,
290 1918 402 1952 uncis
422 1917 579 1951 inclusit
605 1914 731 1953 Wolf.
1222 1914 1227 1922 “

74 1970 148 2007 ἰ3)
172 1964 352 2000 excitetur
370 1962 481 1997 dedit
504 1964 642 1997 Πανία.
665 1960 757 1996 εᾰίι,,
780 1971 817 1996 2.

106 2014 146 2053 3)
171 2011 233 2046 δίο
260 2010 383 2046 verba
411 2006 636 2044 ordinanda
663 2019 744 2042 esse
772 2006 880 2044 vidit
902 2009 1122 2049 Davisius.
1156 2012 1223 2048 οιιί

62 2070 148 2093 cum
173 2053 313 2102 W⁰ffi⁰
332 2056 532 2091 obaeeoaeue
548 2065 646 2088 sum.
696 2053 821 2101 Vulgo
848 2056 968 2090 verba
989 2055 1229 2103 cupiditas—-

62 2103 137 2140 dici
160 2111 282 2148 potent
295 2107 596 2149 praemittuntur
613 2099 744 2136 verbu
772 2112 868 2149 quae
896 2111 953 2138 eut
979 2101 1228 2139 immndonta

59 2162 81 2186 a
139 2148 258 2185 etitio.

83 2161 150 2241 ΡΞ)
173 2193 323 2231 turbent
341 2199 442 2230 οοιιί.
458 2194 610 2233 navis.
