1503 2584
430 128 828 172 Pnomzoomizm,
1182 140 1223 178 17

50 231 235 286 utrisque
289 227 508 282 oppositas,
545 241 630 266 esse
680 225 908 265 contrarias
956 224 1219 267 offensionem¹

49 287 227 331 Definiri
252 293 390 325 autem
418 285 548 322 animi
576 284 899 335 aegrotationem
928 283 1214 335 opinationem

48 346 333 387 vehementem
361 341 410 379 de
436 354 482 378 re
509 354 594 378 uon
613 339 863 389 expetenda.
895 344 1103 390 tamquam
1121 342 1214 378 val-

49 403 100 440 de
120 399 349 452 expetenda
368 397 655 435 inhaerentem
676 400 717 432 et
737 396 898 445 penitus
918 395 1097 433 insitam.
1132 396 1212 434 Of-

46 457 289 496 sensionem
316 460 452 491 autem
493 466 599 499 esse,
647 451 884 502 opinionem
925 451 1214 490 vehementem

49 513 100 552 de
122 525 166 550 re
187 524 270 548 non
286 509 508 560 fugienda,
545 507 830 545 inhaerentem
854 513 895 544 et
914 508 1078 557 penitus
1104 508 1211 546 insi-

48 575 133 607 tam
175 574 382 616 tamquam
426 564 631 615 fugienda.
708 563 1003 612 Aegrotationi.
1027 564 1211 603 subiecta

50 637 135 662 esse
158 622 396 667 avaritiam,
423 619 703 664 ambitionem,
735 617 1085 666 mulerositatem,
1113 633 1214 671 per..

48 680 269 725 vicaciam,
309 676 637 728 ligurritionem,
669 673 957 720 vinolentiam,
995 675 1214 725 cupediam

49 742 91 774 et
116 733 277 772 similia.
336 731 622 769 Offensionum
653 730 843 780 exempla
867 743 952 767 esse
980 730 1214 782 inhospita-

47 792 208 834 litatem
234 796 274 827 et
303 789 525 826 mulierum
553 786 706 823 odium.
738 798 770 822 c.
796 798 856 823 ιο.
885 799 946 824 11.
1014 789 1145 837 Atque
1168 793 1214 826 ut

47 848 95 886 in
125 858 296 898 corpore
318 845 370 882 sit
392 844 580 886 morbus,
619 843 674 879 sit
692 842 936 891 aegrotatio,
973 848 1014 880 et
1041 845 1212 894 vitium,

48 901 264 955 (morbum
285 900 395 938 enim
421 898 516 937 esse‘
526 899 652 936 totius
673 898 857 948 corporis
878 899 1211 949 corruptionon13

22 958 372 1010 *aegrotationem
393 956 584 993 morbum
605 967 698 991 cum
718 953 1022 1002 imbecillitate,
1059 957 1212 997 vitium

49 1028 175 1066 quum
197 1008 333 1064 partes
354 1012 538 1062 corporis
559 1013 668 1047 inter
687 1023 729 1047 se
752 1008 1003 1060 dissideant)
1033 1011 1091 1050 sic
1119 1013 1213 1049 ani—-

50 1072 108 1109 mi
135 1081 296 1119 quoque
323 1067 488 1104 morbos
517 1071 559 1103 et
585 1064 885 1116 aegrotationes
912 1072 954 1103 et
978 1066 1082 1104 vitia
1103 1081 1215 1117 esse;

48 1127 150 1165 item
170 1125 215 1162 in
234 1124 372 1161 animo
391 1122 498 1159 sicut
515 1121 558 1158 in
580 1133 753 1171 corpore
779 1119 943 1160 laudari
970 1122 1212 1173 pulchritu-

50 1180 381 1228 dinem,‘vires‚
420 1177 715 1222 valitudinem,
757 1174 1017 1224 firmitatem,
1054 1180 1213 1217 veloci-

48 1242 198 1282 tatem,
229 1248 262 1272 ο.
287 1246 334 1272 12
361 1252 405 1259 —
434 1234 494 1270 14.
555 1231 752 1281 Sequitur
778 1231 859 1268 iam
882 1234 1015 1271 brevis
1037 1233 1212 1273 demon-

49 1291 195 1331 stratio
224 1289 312 1327 eius
332 1287 442 1338 quod
470 1288 764 1337 quaerebatur,
804 1289 1136 1338 perturbationes
1162 1292 1211 1330 in

47 1348 276 1398 sapientem
302 1358 387 1382 non
417 1343 584 1389 cadere3
619 1356 652 1379 e.
684 1343 724 1379 ‚5
747 1360 803 1367 -·
823 1356 883 1393 17.
942 1343 1212 1385 Deindedis-

48 1409 222 1457 putatur
258 1401 452 1439 adversus
494 1398 785 1450 Peripateticos
806 1429 815 1446 ,
865 1400 935 1450 qui
970 1403 1210 1451 perturbari

49 1459 208 1498 animos
238 1470 401 1495 necesse
429 1468 515 1493 esse
549 1454 760 1502 dicebant,
799 1454 926 1494 iidem
954 1462 1092 1496 tamen
1118 1473 1213 1497 ino-

50 1515 150 1554 dum
177 1512 447 1559 adhibebant,
483 1524 603 1561 quem
624 1511 732 1551 ultra
750 1496 943 1562 progimli
971 1526 1054 1551 non
1086 1529 1213 1567 opor..

49 1577 156 1619 teat;
184 1576 396 1622 praeterea
415 1567 575 1606 easdem
600 1566 757 1604 utiliter
776 1581 801 1606 a.
818 1575 967 1607 natura
986 1569 1098 1609 datas
1119 1574 1212 1610 exi-

50 1628 285 1666 stimabant.
316 1638 350 1663 c.
376 1625 423 1663 18
443 1638 499 1649 --
520 1621 585 1661 26.
642 1621 675 1660 Γ
681 1636 748 1660 um
778 1630 1046 1675 exponuntur
1077 1626 1215 1666 reme-⁷

53 1684 141 1731 dia,
163 1695 267 1734 quae
286 1696 308 1719 a
334 1678 596 1732 philosophia
614 1675 767 1716 morbis
785 1681 1019 1719 animorum
1039 1683 1215 1723 adhibe-

52 1746 198 1787 antur,
228 1739 314 1776 sive
342 1735 702 1788 perturbationum
723 1739 967 1775 curationes.
1027 1737 1211 1777 Omnino

50 1801 190 1834 autem
223 1795 269 1832 in
297 1794 487 1831 omnibus
518 1797 695 1843 quatuor
725 1793 1110 1842 perturbationibus
1144 1809 1215 1833 sa-

49 1852 197 1891 nandis
215 1850 329 1888 illam
350 1862 434 1886 esse
453 1848 778 1886 distinctionem:
809 1855 949 1887 utrum
969 1850 1021 1888 ad
1040 1852 1215 1890 univer-

47 1921 135 1946 sam
156 1906 528 1958 perturbationem,
568 1917 670 1955 quae
692 1909 754 1940 est
776 1907 1009 1955 aspernatio
1038 1909 1213 1946 rationis

51 1969 125 2002 aut
153 1962 359 2015 appetitus
387 1959 693 2009 vehementior,
722 1974 774 1999 an
795 1960 847 1998 ad
863 1960 1063 2013 singulas,
1095 1970 1141 2002 ut
1160 1964 1215 2003 ad.

52 2026 220 2068 metum,
248 2018 487 2065 libidinem,
515 2016 775 2067 reliquasque
791 2017 937 2066 melius
965 2018 1214 2063 adhibeatur

53 2081 209 2124 orat103
245 2080 286 2112 et
312 2079 453 2112 utrum
480 2073 586 2111 illud
610 2087 696 2110 non
724 2073 914 2112 videatur
932 2088 1051 2127 aegre
1069 2076 1212 2114 feren-

55 2129 175 2180 dum,
213 2145 265 2170 ex
292 2144 372 2181 quo
392 2135 580 2181 suscepta
605 2129 660 2173 sit
681 2130 894 2183 aegritudo
903 2159 914 2182 ,
936 2145 1004 2176 ‚an
1024 2132 1212 2178 omnium

104 2193 183 2235 Cic.
208 2195 304 2242 Ope,
338 2193 442 2231 Tom.
467 2193 580 2232 XIV..
1024 2195 1049 2225 2
