1503 2584
274 132 341 164 που
532 120 743 169 Tuscum.
765 126 1192 165 DISPUTATIONUM

277 229 376 264 tum
396 235 524 276 cum,
549 220 627 276 qui
646 219 888 262 haberetur
909 220 1107 263 maximo
1129 220 1345 262 ludorum
1365 235 1448 277 ερε-

278 286 437 336 paratu
456 277 592 318 totius
609 275 824 317 Graeciae
844 276 1099 318 celebritate
1115 292 1128 332 ς,
1156 292 1261 317 nam
1282 284 1330 317 ut
1349 278 1442 319 illic

281 334 356 375 alii
386 332 650 385 corporibus
677 327 933 374 exercitatis
960 332 1148 388 gloriam
1172 340 1216 374 et
1236 333 1446 374 nobilita-

277 398 372 432 tem
401 402 591 430 coronae
620 394 851 443 peterent·⁷
889 387 968 429 alii
996 389 1197 443 emendi,
1234 396 1312 429 aut
1338 402 1448 430 ven-

280 445 418 488 dendi
444 450 629 500 quaestu
657 449 702 484 et
727 444 856 485 lucro
886 444 1181 500 ducerentur3
1228 451 1342 486 esset
1367 458 1447 490 auq

281 509 376 544 tem
397 500 623 555 quoddam
643 514 784 556 genus
804 513 985 555 eorum,
1005 500 1136 555 idque
1156 501 1226 542 vel
1245 501 1442 541 maxime

278 558 530 613 ingenuum
550 587 563 610 ,
613 555 689 610 qui
725 570 806 597 nec
848 556 1054 611 plausum
1075 587 1088 611 ,
1143 571 1224 598 nec
1263 556 1445 597 lucrum

281 619 568 670 quaererent,
597 611 672 652 sed
693 612 860 653 visendi
880 626 1010 653 causa
1031 612 1247 664 venirent,
1275 612 1445 653 studio·
1495 616 1503 630 '

281 684 416 725 seque
437 668 769 724 perspicerent,
798 667 900 723 quid
922 675 1149 723 ageretur,
1180 676 1223 709 et
1241 681 1328 724 quo
1349 681 1444 708 mo-

281 726 362 766 do:
398 725 508 766 item
536 737 617 767 nos
636 732 649 755 ¹
675 724 798 778 quasi
819 725 863 764 in
884 731 1106 764 mercatus
1129 725 1350 780 quandam
1373 737 1445 763 ce-

279 780 533 822 lebritatem
565 791 621 819 ex
649 778 759 820 urbe
789 779 959 834 aliqua,
1000 779 1060 819 sic
1087 779 1134 820 :in
1161 779 1275 821 hanc
1306 780 1444 821 vinam

282 851 341 878 ex
366 836 452 877 alia
482 835 574 876 vita
602 840 647 875 et
675 840 832 874 natura
866 832 1116 888 profectos,
1143 835 1252 875 alios
1272 835 1443 890 gloriae

280 891 473 944 servire,
510 890 619 930 alios
652 888 893 944 pecuniae3
937 901 1060 928 raros
1089 903 1179 929 esse
1202 892 1444 944 quosdam,

281 947 382 1003 qui,
412 945 569 987 ceteris
590 943 798 986 omnibus
817 957 898 1000 pro
919 943 1061 985 nihilo
1082 942 1265 997 habitis,
1292 959 1444 987 rerum

280 1010 490 1045 naturam
507 1001 702 1046 studiose
721 1001 1027 1051 intuere-ntum
1058 998 1137 1040 hos
1156 1012 1200 1039 se
1218 999 1444 1056 appellare

281 1057 524 1114 sapientiae
554 1056 798 1110 studiosos,
831 1056 877 1097 id
908 1061 973 1095 est
992 1055 1110 1096 enim
1130 1054 1446 1112 philosophos:

283 1121 330 1156 et
357 1122 408 1155 ut
434 1113 527 1154 illic
555 1112 914 1154 liberalissimum
945 1120 1079 1164 esset,
1114 1116 1343 1166 spectare,
1378 1111 1447 1153 ni-

281 1171 350 1211 hil
379 1169 463 1211 sibi
490 1168 821 1224 acquirentem,
861 1168 921 1208 sic
952 1166 1001 1208 in
1030 1167 1117 1210 vita
1143 1168 1278 1223 longe
1300 1167 1447 1209 omni-

282 1227 365 1269 hus
396 1225 552 1266 studiis
582 1223 1012 1280 contemplationem
1043 1234 1197 1266 rerum
1225 1224 1446 1280 cognitio-

282 1295 476 1339 nemque
501 1288 736 1336 praestare.

421 1417 502 1460 IV.
560 1416 658 1458 Nec
695 1428 801 1457 vero
830 1414 1110 1472 Pythagoras
1146 1416 1340 1459 nominis
1375 1433 1445 1460 so-

283 1474 377 1517 ium
410 1473 641 1526 inventor,
675 1472 752 1512 sed
783 1485 934 1511 rerum
960 1471 1092 1512 etiam
1120 1471 1323 1527 ipsarum
1352 1489 1445 1516 amu

276 1529 509 1588 'plificator
526 1528 628 1569 fuit.
668 1527 758 1579 Qui
779 1540 918 1581 quum
937 1534 1036 1583 post
1053 1525 1174 1567 huuc
1195 1528 1443 1572 Phliasium

282 1599 537 1628 sermonem
569 1583 618 1624 in
644 1583 818 1625 Italiam
836 1583 1052 1638 venisset,
1088 1585 1325 1625 exornavit
1342 1599 1442 1627 eam

283 1642 548 1692 Graeciam,
586 1653 696 1695 quae
714 1652 878 1694 magna
902 1639 1018 1679 dicta
1037 1646 1123 1692 est,
1153 1647 1197 1680 et
1217 1640 1442 1697 privatim,

284 1705 331 1741 et
355 1696 562 1754 publice,
594 1693 984 1750 praestantissimis
1010 1701 1055 1735 et
1074 1694 1288 1736 institutis
1310 1704 1354 1737 et
1372 1712 1445 1738 ar-

281 1755 413 1796 tibus.
475 1752 615 1793 Cuius
635 1750 689 1791 de
708 1749 945 1804 disciplina
967 1749 1088 1791 aliud
1111 1758 1285 1806 tempus
1305 1751 1445 1794 fuerit

280 1811 468 1853 fortasse
497 1806 686 1849 dicendi.
752 1805 840 1847 Sed
867 1806 922 1846 ab
951 1806 1131 1861 antiqua
1156 1805 1442 1863 philosophia

281 1880 421 1923 usque
449 1864 502 1905 ad
531 1864 784 1915 Socratem,
820 1861 898 1916 qui
924 1861 1221 1917 Archelaum,
1258 1864 1443 1905 Anaxa-

280 1937 416 1979 gorae
456 1918 752 1975 discipulum,
800 1917 1024 1973 audierat,
1064 1919 1242 1960 numeri
1273 1927 1443 1961 motus-

283 1994 369 2034 que
397 1975 734 2029 tractabantur,
774 1981 817 2014 et
845 1973 966 2023 unde
1005 1974 1155 2016 omnia
1190 1974 1440 2031 orirentur,

325 2196 363 2243 ι)
388 2196 438 2231 ita
461 2205 530 2230 nos
551 2192 662 2230 dedic
678 2193 823 2231 Πανία.
848 2205 867 2227 e
884 2193 1013 2231 Nonio
1032 2204 1072 2234 ν.
1094 2205 1211 2236 merx<

1498 2054 1503 2221 ε
