1503 2584
255 105 321 132 πὸ
507 97 573 130 TU
581 96 720 131 SCUL.
748 93 1171 130 DlsPUTATloNUM

254 204 309 247 pe
329 188 407 245 qui
425 188 481 229 ob
507 203 603 229 eam
625 202 803 228 causam
824 203 849 228 a
868 188 959 229 vita
980 187 1238 240 recesserit3
1266 188 1422 229 modo·

257 247 399 288 ratius
434 244 572 300 igitur
609 244 723 284 l'erre
751 243 916 284 debuit.
980 239 1138 295 Quid'?
1184 244 1241 295 sl,
1280 259 1419 299 quum

257 302 303 344 id
333 301 470 343 ferret
489 299 691 354 modice,
719 312 841 341 mors
861 299 1110 342 liberorum
1133 297 1420 342 accessisset?

260 358 381 399 Nata
408 362 520 398 esset
549 355 784 412 aegritudo
810 369 949 410 nova,
985 356 1060 398 sed
1087 371 1139 398 ea
1166 356 1366 410 modica3
1399 362 1417 384 ¹

261 428 424 469 magna
458 420 607 452 tamen
638 410 755 452 facta
785 418 898 452 esset
925 412 1122 454 accessio,
1181 408 1339 468 Quid?
1386 411 1424 454 si

262 468 424 511 deinde
457 466 631 508 dolores
663 480 819 522 graves
850 468 1077 523 corporis,
1123 468 1162 510 si
1199 469 1424 509 bonorum

262 525 464 576 amissio,
493 523 532 562 si
551 523 762 577 caecitas,
793 522 830 563 si
851 523 1061 563 exsilium
1075 554 1087 577 ‚
1116 524 1151 565 si
1170 539 1253 579 pro
1275 524 1427 577 singu-

262 581 317 621 lis
344 580 471 619 malis
498 578 804 633 aegritudines
833 576 1132 622 accederent?
1188 580 1376 621 Summa
1401 587 1422 606 2

263 648 313 676 ea
331 635 472 689 fieret,
493 647 604 688 quae
623 648 716 675 non
735 635 1044 677 sustineretur.

404 744 579 787 XVIII.
640 744 733 800 Qui
754 744 937 786 modum
960 746 1101 800 igitur
1119 746 1427 801 vitioquaerit2

268 803 470 845 similiter
489 800 622 855 facit,
649 807 700 840 ut
719 800 755 840 si
775 813 900 855 posse
920 808 1050 856 putet
1071 815 1198 854 eum,
1228 802 1305 858 qui
1331 816 1374 842 se
1404 815 1427 840 e

265 860 464 900 Leucata
501 854 886 910 praecipitaverit,
926 856 1144 897 sustinere
1171 871 1240 910 se,
1286 871 1427 913 quum

267 913 387 956 velit.
445 910 509 952 Ut
529 911 648 952 enim
666 909 714 950 id
733 925 825 951 non
848 917 1016 966 potest:
1045 912 1107 952 sic
1132 913 1308 954 animus
1327 928 1431 969 per·

267 969 472 1010 turbatus
511 974 556 1008 et
589 966 796 1008 incitatus
832 980 914 1007 nec
942 967 1154 1009 cohibere
1186 984 1230 1010 se
1257 975 1428 1024 potest,

268 1040 376 1079 nec,
421 1038 510 1078 quo
550 1023 649 1063 loco
686 1021 807 1076 vult,
860 1022 1087 1079 insistere3
1133 1024 1430 1080 omninoque,

268 1094 381 1137 quae
426 1085 442 1111 3
496 1078 739 1120 crescentia
780 1079 1030 1133 perniciosa
1084 1088 1189 1121 sunt
1207 1112 1220 1135 ‚
1275 1081 1428 1121 eadem

272 1144 376 1178 sunt
403 1134 556 1177 vitiosa
588 1134 828 1176 nascentia.
895 1134 1152 1190 Aegritudo
1180 1143 1330 1177 aulem
1362 1151 1431 1176 ce-

269 1202 478 1247 teraeque
540 1190 900 1246 perturbationes
961 1191 1258 1248 amplificatae
1311 1204 1430 1234 cerie

269 1248 507 1305 pestiferae
540 1254 656 1287 sunt.
721 1246 867 1301 Igitur
898 1246 1033 1287 etiam
1063 1255 1294 1304 susceptae
1328 1263 1434 1290 con-

271 1305 400 1346 tinuo
420 1304 467 1344 in
486 1317 648 1358 magna
666 1301 800 1358 pestis
823 1312 948 1358 parte
965 1310 1210 1346 versantur.
1247 1305 1431 1346 Etenim

269 1361 392 1416 ipsae
413 1374 457 1400 se
478 1359 744 1414 impellunt,
781 1358 857 1400 ubi
876 1359 1015 1400 semel
1035 1376 1059 1402 a
1080 1361 1253 1402 ratione
1272 1361 1434 1402 disces·

269 1429 369 1458 sum
390 1422 478 1457 est:
513 1414 695 1470 ipsaque
714 1414 799 1455 sibi
821 1414 1107 1457 imbecillitas
1125 1416 1355 1472 indulget,
1384 1417 1432 1458 in

270 1472 502 1528 altumque
530 1470 794 1522 provehitur
823 1470 1112 1527 imprudenS,
1151 1486 1234 1513 nec
1269 1472 1433 1529 reperit

268 1527 422 1570 locum
444 1527 726 1568 consistendi.
774 1525 1081 1581 Quamobrem
1100 1527 1216 1569 nihil
1235 1528 1433 1581 interest,

270 1592 427 1625 utrum
464 1582 715 1623 moderatas
752 1582 1115 1639 perturbationes
1158 1584 1434 1640 approbent,

270 1654 329 1682 an
357 1638 635 1681 moderatam
668 1637 958 1692 iniustitiam,
1002 1640 1283 1682 moderatam
1311 1641 1436 1696 igna-

321 1800 359 1847 1)
389 1800 598 1834 Lambinus
626 1798 818 1832 cnrrexic:
850 1797 968 1832 Etiam
990 1798 1020 1832 οἱ
1039 1799 1197 1837 modica.
1245 1799 1437 1834 Bentleius

274 1847 467 1881 malebat.-
511 1845 566 1878 Sit
597 1855 640 1878 ea
668 1843 831 1877 modica.
888 1844 1074 1880 Boiu-rius
1101 1843 1296 1892 legendum
1324 1855 1437 1889 puca-

276 1893 367 1928 hac=
403 1891 504 1937 Quid
530 1892 560 1925 ei
592 1902 702 1937 quum
723 1888 763 1923 id
783 1889 895 1923 ferret
918 1890 1086 1929 modice.
1118 1903 1215 1925 mon
1234 1890 1434 1924 liberorum

277 1938 511 1976 accessisset,
546 1946 581 1971 et
610 1946 696 1969 nata
725 1945 820 1970 esset
848 1934 1037 1981 aegritudo
1065 1949 1181 1976 nova,
1209 1936 1275 1972 sed
1300 1948 1342 1970 ea
1360 1949 1436 1970 mo-

273 1984 386 2020 dica?
436 1984 497 2017 Ma
525 1995 570 2017 ua
591 1992 713 2017 tamen
733 1980 830 2015 facta
851 1992 946 2017 esset
965 1983 1140 2017 accessio.

322 2032 364 2076 ρ.)
392 2031 482 2065 Wot
514 2041 557 2063 us
583 2027 848 2064 icadiscinxic
869 2028 898 2061 ai
921 2027 1114 2064 exsilium?
1147 2029 1177 2064 si
1197 2041 1264 2078 pro
1285 2029 1436 2077 singulis

272 2076 380 2112 malis
401 2074 646 2121 aegritudines
669 2073 914 2113 accederent}
941 2086 1081 2110 summa
1101 2086 1171 2110 etc.

317 2123 359 2169 3)
387 2122 450 2156 Sic
491 2119 616 2167 W0ff·
653 2129 811 2156 auctore
840 2121 1028 2161 Bentleio.
1094 2123 1219 2170 Vulgo
1257 2121 1436 2160 omnino?

273 2180 455 2217 quaeque.
