<?xml version="1.0" encoding="UTF-8"?>
<!DOCTYPE html PUBLIC "-//W3C//DTD XHTML 1.0 Transitional//EN"
    "http://www.w3.org/TR/xhtml1/DTD/xhtml1-transitional.dtd">
<html xmlns="http://www.w3.org/1999/xhtml" xml:lang="en" lang="en">
 <head>
  <title>
</title>
<meta http-equiv="Content-Type" content="text/html;charset=utf-8" />
  <meta name='ocr-system' content='tesseract 3.04.00' />
  <meta name='ocr-capabilities' content='ocr_page ocr_carea ocr_par ocr_line ocrx_word'/>
</head>
<body>
  <div class='ocr_page' id='page_1' title='image "./operaquaesupersu14ciceuoft/operaquaesupersu14ciceuoft_0030.png"; bbox 0 0 1503 2584; ppageno 0'>
   <div class='ocr_carea' id='block_1_1' title="bbox 207 105 1222 162">
    <p class='ocr_par' dir='ltr' id='par_1_1' title="bbox 207 105 1222 162">
     <span class='ocr_line' id='line_1_1' title="bbox 207 105 1222 162; baseline 0.001 -1"><span class='ocrx_word' id='word_1_1' title='bbox 207 137 253 161; x_wconf 79' lang='lat'>22</span> <span class='ocrx_word' id='word_1_2' title='bbox 369 124 425 162; x_wconf 85' lang='lat' dir='ltr'>IN</span> <span class='ocrx_word' id='word_1_3' title='bbox 449 125 659 162; x_wconf 68' lang='lat' dir='ltr'>Tuscus„</span> <span class='ocrx_word' id='word_1_4' title='bbox 684 126 838 162; x_wconf 75' lang='lat' dir='ltr'><strong>DISPP.</strong></span> <span class='ocrx_word' id='word_1_5' title='bbox 866 125 931 161; x_wconf 76' lang='lat' dir='ltr'>ET</span> <span class='ocrx_word' id='word_1_6' title='bbox 955 105 1222 162; x_wconf 67' lang='lat' dir='ltr'><strong>PARADOXA</strong></span> 
     </span>
    </p>
   </div>
   <div class='ocr_carea' id='block_1_2' title="bbox 212 224 1378 618">
    <p class='ocr_par' dir='ltr' id='par_1_2' title="bbox 212 224 1378 618">
     <span class='ocr_line' id='line_1_2' title="bbox 212 224 1373 278; baseline 0.001 -15"><span class='ocrx_word' id='word_1_7' title='bbox 212 225 261 275; x_wconf 78' lang='lat' dir='ltr'>in</span> <span class='ocrx_word' id='word_1_8' title='bbox 281 224 428 276; x_wconf 82' lang='lat' dir='ltr'>quibus</span> <span class='ocrx_word' id='word_1_9' title='bbox 450 231 522 264; x_wconf 81' lang='lat' dir='ltr'>aut</span> <span class='ocrx_word' id='word_1_10' title='bbox 543 224 753 277; x_wconf 76' lang='lat' dir='ltr'>pluribUS,</span> <span class='ocrx_word' id='word_1_11' title='bbox 788 231 859 262; x_wconf 85' lang='lat' dir='ltr'>aut</span> <span class='ocrx_word' id='word_1_12' title='bbox 878 225 1067 264; x_wconf 86' lang='lat' dir='ltr'>omnibus</span> <span class='ocrx_word' id='word_1_13' title='bbox 1085 239 1169 264; x_wconf 90' lang='lat' dir='ltr'>uno</span> <span class='ocrx_word' id='word_1_14' title='bbox 1189 230 1373 278; x_wconf 81' lang='lat' dir='ltr'>tempore</span> 
     </span>
     <span class='ocr_line' id='line_1_3' title="bbox 216 281 1374 334; baseline 0.002 -16"><span class='ocrx_word' id='word_1_15' title='bbox 216 294 342 332; x_wconf 74' lang='lat' dir='ltr'>quum</span> <span class='ocrx_word' id='word_1_16' title='bbox 363 281 523 332; x_wconf 82' lang='lat' dir='ltr'>sapiens</span> <span class='ocrx_word' id='word_1_17' title='bbox 548 294 633 318; x_wconf 89' lang='lat' dir='ltr'>esse</span> <span class='ocrx_word' id='word_1_18' title='bbox 649 281 800 331; x_wconf 78' lang='lat' dir='ltr'>possit,</span> <span class='ocrx_word' id='word_1_19' title='bbox 828 281 1034 320; x_wconf 85' lang='lat' dir='ltr'>neminem</span> <span class='ocrx_word' id='word_1_20' title='bbox 1051 289 1257 334; x_wconf 82' lang='lat' dir='ltr'>praestare</span> <span class='ocrx_word' id='word_1_21' title='bbox 1280 297 1374 332; x_wconf 82' lang='lat' dir='ltr'>pos-</span> 
     </span>
     <span class='ocr_line' id='line_1_4' title="bbox 215 337 1373 401; baseline 0 -25"><span class='ocrx_word' id='word_1_22' title='bbox 215 350 280 385; x_wconf 83' lang='lat' dir='ltr'>se,</span> <span class='ocrx_word' id='word_1_23' title='bbox 318 337 544 389; x_wconf 80' lang='lat' dir='ltr'><strong>sapientem</strong></span> <span class='ocrx_word' id='word_1_24' title='bbox 566 350 726 388; x_wconf 81' lang='lat' dir='ltr'><strong>semper</strong></span> <span class='ocrx_word' id='word_1_25' title='bbox 749 338 913 376; x_wconf 87' lang='lat' dir='ltr'>beatum</span> <span class='ocrx_word' id='word_1_26' title='bbox 932 339 1033 376; x_wconf 85' lang='lat' dir='ltr'>sore.</span> <span class='ocrx_word' id='word_1_27' title='bbox 1091 337 1230 401; x_wconf 58' lang='lat' dir='ltr'>Itaque</span> <span class='ocrx_word' id='word_1_28' title='bbox 1249 340 1373 382; x_wconf 81' lang='lat' dir='ltr'>missa</span> 
     </span>
     <span class='ocr_line' id='line_1_5' title="bbox 215 393 1373 444; baseline 0 -13"><span class='ocrx_word' id='word_1_29' title='bbox 215 396 474 444; x_wconf 82' lang='lat' dir='ltr'>quaestione,</span> <span class='ocrx_word' id='word_1_30' title='bbox 501 399 641 431; x_wconf 87' lang='lat' dir='ltr'>utrum</span> <span class='ocrx_word' id='word_1_31' title='bbox 662 393 711 431; x_wconf 80' lang='lat' dir='ltr'>de</span> <span class='ocrx_word' id='word_1_32' title='bbox 730 394 890 432; x_wconf 81' lang='lat' dir='ltr'>ratione</span> <span class='ocrx_word' id='word_1_33' title='bbox 919 396 1036 432; x_wconf 84' lang='lat' dir='ltr'>beate</span> <span class='ocrx_word' id='word_1_34' title='bbox 1053 394 1223 432; x_wconf 82' lang='lat' dir='ltr'>vivendi</span> <span class='ocrx_word' id='word_1_35' title='bbox 1241 396 1287 433; x_wconf 87' lang='lat' dir='ltr'>in</span> <span class='ocrx_word' id='word_1_36' title='bbox 1304 408 1373 432; x_wconf 82' lang='lat' dir='ltr'>so-</span> 
     </span>
     <span class='ocr_line' id='line_1_6' title="bbox 214 449 1373 502; baseline 0.001 -14"><span class='ocrx_word' id='word_1_37' title='bbox 214 449 256 488; x_wconf 81' lang='lat' dir='ltr'>la</span> <span class='ocrx_word' id='word_1_38' title='bbox 282 450 437 487; x_wconf 82' lang='lat' dir='ltr'>virtute</span> <span class='ocrx_word' id='word_1_39' title='bbox 466 449 656 501; x_wconf 84' lang='lat' dir='ltr'>ponenda</span> <span class='ocrx_word' id='word_1_40' title='bbox 682 452 792 488; x_wconf 87' lang='lat' dir='ltr'>inter</span> <span class='ocrx_word' id='word_1_41' title='bbox 819 449 977 488; x_wconf 81' lang='lat' dir='ltr'>Stoicos</span> <span class='ocrx_word' id='word_1_42' title='bbox 1006 457 1047 488; x_wconf 86' lang='lat' dir='ltr'>et</span> <span class='ocrx_word' id='word_1_43' title='bbox 1079 450 1373 502; x_wconf 80' lang='lat' dir='ltr'>Peripateticos</span> 
     </span>
     <span class='ocr_line' id='line_1_7' title="bbox 216 506 1375 554; baseline 0.003 -12"><span class='ocrx_word' id='word_1_44' title='bbox 216 506 438 544; x_wconf 85' lang='lat' dir='ltr'>conveniat</span> <span class='ocrx_word' id='word_1_45' title='bbox 463 519 540 543; x_wconf 86' lang='lat' dir='ltr'>uec</span> <span class='ocrx_word' id='word_1_46' title='bbox 566 519 638 554; x_wconf 87' lang='lat' dir='ltr'>ne,</span> <span class='ocrx_word' id='word_1_47' title='bbox 678 507 858 544; x_wconf 81' lang='lat' dir='ltr'>ostendit</span> <span class='ocrx_word' id='word_1_48' title='bbox 880 513 1024 544; x_wconf 81' lang='lat' dir='ltr'>auctor</span> <span class='ocrx_word' id='word_1_49' title='bbox 1042 521 1084 544; x_wconf 84' lang='lat' dir='ltr'>se</span> <span class='ocrx_word' id='word_1_50' title='bbox 1102 507 1188 544; x_wconf 85' lang='lat' dir='ltr'>eius</span> <span class='ocrx_word' id='word_1_51' title='bbox 1208 514 1375 546; x_wconf 82' lang='lat' dir='ltr'>senten-</span> 
     </span>
     <span class='ocr_line' id='line_1_8' title="bbox 217 561 1378 618; baseline -0.002 -16"><span class='ocrx_word' id='word_1_52' title='bbox 217 561 299 602; x_wconf 84' lang='lat' dir='ltr'>tiae</span> <span class='ocrx_word' id='word_1_53' title='bbox 318 562 562 618; x_wconf 83' lang='lat' dir='ltr'>gravitatem</span> <span class='ocrx_word' id='word_1_54' title='bbox 582 577 604 600; x_wconf 81' lang='lat' dir='ltr'>a</span> <span class='ocrx_word' id='word_1_55' title='bbox 624 561 793 603; x_wconf 83' lang='lat' dir='ltr'>Platone</span> <span class='ocrx_word' id='word_1_56' title='bbox 812 563 1108 615; x_wconf 81' lang='lat' dir='ltr'>repetiturum,</span> <span class='ocrx_word' id='word_1_57' title='bbox 1137 577 1168 601; x_wconf 92' lang='lat' dir='ltr'>c.</span> <span class='ocrx_word' id='word_1_58' title='bbox 1192 578 1216 615; x_wconf 82' lang='lat'>9</span> <span class='ocrx_word' id='word_1_59' title='bbox 1236 583 1290 591; x_wconf 91' lang='lat'>—</span> <span class='ocrx_word' id='word_1_60' title='bbox 1314 563 1378 601; x_wconf 83' lang='lat'>13.</span> 
     </span>
    </p>
   </div>
   <div class='ocr_carea' id='block_1_3' title="bbox 176 674 1389 2185">
    <p class='ocr_par' dir='ltr' id='par_1_3' title="bbox 176 674 1389 2185">
     <span class='ocr_line' id='line_1_9' title="bbox 358 674 1379 726; baseline 0.001 -14"><span class='ocrx_word' id='word_1_61' title='bbox 358 674 542 714; x_wconf 87' lang='lat' dir='ltr'>Primum</span> <span class='ocrx_word' id='word_1_62' title='bbox 581 675 708 726; x_wconf 74' lang='lat' dir='ltr'>igitur</span> <span class='ocrx_word' id='word_1_63' title='bbox 746 681 1051 726; x_wconf 81' lang='lat' dir='ltr'>argumentum,</span> <span class='ocrx_word' id='word_1_64' title='bbox 1091 688 1171 726; x_wconf 85' lang='lat' dir='ltr'>quo</span> <span class='ocrx_word' id='word_1_65' title='bbox 1201 675 1379 715; x_wconf 81' lang='lat' dir='ltr'>efficitur</span> 
     </span>
     <span class='ocr_line' id='line_1_10' title="bbox 219 730 1380 782; baseline -0.001 -12"><span class='ocrx_word' id='word_1_66' title='bbox 219 731 419 770; x_wconf 83' lang='lat' dir='ltr'>virtutem</span> <span class='ocrx_word' id='word_1_67' title='bbox 446 732 497 770; x_wconf 78' lang='lat' dir='ltr'>ad</span> <span class='ocrx_word' id='word_1_68' title='bbox 525 732 639 769; x_wconf 82' lang='lat' dir='ltr'>beate</span> <span class='ocrx_word' id='word_1_69' title='bbox 666 732 894 770; x_wconf 86' lang='lat' dir='ltr'>vivendum</span> <span class='ocrx_word' id='word_1_70' title='bbox 921 744 962 768; x_wconf 85' lang='lat' dir='ltr'>se</span> <span class='ocrx_word' id='word_1_71' title='bbox 989 730 1077 782; x_wconf 86' lang='lat' dir='ltr'>ipsa</span> <span class='ocrx_word' id='word_1_72' title='bbox 1098 745 1183 769; x_wconf 84' lang='lat' dir='ltr'>esse</span> <span class='ocrx_word' id='word_1_73' title='bbox 1205 737 1380 769; x_wconf 85' lang='lat' dir='ltr'>conten-</span> 
     </span>
     <span class='ocr_line' id='line_1_11' title="bbox 219 786 1381 839; baseline 0.002 -15"><span class='ocrx_word' id='word_1_74' title='bbox 219 794 304 825; x_wconf 83' lang='lat' dir='ltr'>tam</span> <span class='ocrx_word' id='word_1_75' title='bbox 325 787 404 825; x_wconf 86' lang='lat' dir='ltr'>hoc</span> <span class='ocrx_word' id='word_1_76' title='bbox 423 795 502 826; x_wconf 80' lang='lat' dir='ltr'>est:</span> <span class='ocrx_word' id='word_1_77' title='bbox 533 786 746 825; x_wconf 80' lang='lat' dir='ltr'>Hulnanus</span> <span class='ocrx_word' id='word_1_78' title='bbox 768 788 929 825; x_wconf 83' lang='lat' dir='ltr'>animus</span> <span class='ocrx_word' id='word_1_79' title='bbox 951 787 1166 839; x_wconf 84' lang='lat' dir='ltr'>decerptus</span> <span class='ocrx_word' id='word_1_80' title='bbox 1185 801 1237 824; x_wconf 76' lang='lat' dir='ltr'>ex</span> <span class='ocrx_word' id='word_1_81' title='bbox 1262 801 1381 826; x_wconf 87' lang='lat' dir='ltr'>men-</span> 
     </span>
     <span class='ocr_line' id='line_1_12' title="bbox 218 843 1379 894; baseline 0.001 -14"><span class='ocrx_word' id='word_1_82' title='bbox 218 850 263 891; x_wconf 72' lang='lat' dir='ltr'>te</span> <span class='ocrx_word' id='word_1_83' title='bbox 284 843 446 892; x_wconf 84' lang='lat' dir='ltr'>divina,</span> <span class='ocrx_word' id='word_1_84' title='bbox 478 845 511 881; x_wconf 85' lang='lat' dir='ltr'>si</span> <span class='ocrx_word' id='word_1_85' title='bbox 532 850 593 881; x_wconf 74' lang='lat' dir='ltr'>est</span> <span class='ocrx_word' id='word_1_86' title='bbox 607 850 716 882; x_wconf 84' lang='lat' dir='ltr'>recte</span> <span class='ocrx_word' id='word_1_87' title='bbox 735 843 947 890; x_wconf 85' lang='lat' dir='ltr'>excultus,</span> <span class='ocrx_word' id='word_1_88' title='bbox 976 843 1023 880; x_wconf 82' lang='lat' dir='ltr'>fit</span> <span class='ocrx_word' id='word_1_89' title='bbox 1044 844 1227 894; x_wconf 69' lang='lat' dir='ltr'>perfecta</span> <span class='ocrx_word' id='word_1_90' title='bbox 1251 857 1379 892; x_wconf 72' lang='lat' dir='ltr'>mem,</span> 
     </span>
     <span class='ocr_line' id='line_1_13' title="bbox 218 898 1382 950; baseline 0.002 -14"><span class='ocrx_word' id='word_1_91' title='bbox 218 900 265 937; x_wconf 81' lang='lat' dir='ltr'>id</span> <span class='ocrx_word' id='word_1_92' title='bbox 283 906 344 937; x_wconf 83' lang='lat' dir='ltr'>est</span> <span class='ocrx_word' id='word_1_93' title='bbox 359 901 545 939; x_wconf 78' lang='lat' dir='ltr'>absoluta</span> <span class='ocrx_word' id='word_1_94' title='bbox 566 901 693 947; x_wconf 86' lang='lat' dir='ltr'>ratio,</span> <span class='ocrx_word' id='word_1_95' title='bbox 723 899 834 950; x_wconf 86' lang='lat' dir='ltr'>quod</span> <span class='ocrx_word' id='word_1_96' title='bbox 859 906 920 937; x_wconf 80' lang='lat' dir='ltr'>est</span> <span class='ocrx_word' id='word_1_97' title='bbox 937 899 1047 937; x_wconf 85' lang='lat' dir='ltr'>idem</span> <span class='ocrx_word' id='word_1_98' title='bbox 1065 898 1211 936; x_wconf 76' lang='lat' dir='ltr'>virtus.</span> <span class='ocrx_word' id='word_1_99' title='bbox 1267 899 1320 937; x_wconf 65' lang='lat' dir='ltr'>ht</span> <span class='ocrx_word' id='word_1_100' title='bbox 1346 901 1382 938; x_wconf 87' lang='lat' dir='ltr'>si</span> 
     </span>
     <span class='ocr_line' id='line_1_14' title="bbox 219 955 1382 1005; baseline 0.002 -13"><span class='ocrx_word' id='word_1_101' title='bbox 219 969 341 993; x_wconf 88' lang='lat' dir='ltr'>omne</span> <span class='ocrx_word' id='word_1_102' title='bbox 369 957 533 995; x_wconf 80' lang='lat' dir='ltr'>beatum</span> <span class='ocrx_word' id='word_1_103' title='bbox 560 962 641 1005; x_wconf 79' lang='lat' dir='ltr'>est,</span> <span class='ocrx_word' id='word_1_104' title='bbox 671 958 739 994; x_wconf 86' lang='lat' dir='ltr'>cui</span> <span class='ocrx_word' id='word_1_105' title='bbox 757 955 867 994; x_wconf 86' lang='lat' dir='ltr'>nihil</span> <span class='ocrx_word' id='word_1_106' title='bbox 889 955 1020 1002; x_wconf 74' lang='lat' dir='ltr'>deest,</span> <span class='ocrx_word' id='word_1_107' title='bbox 1051 963 1092 992; x_wconf 80' lang='lat' dir='ltr'>et</span> <span class='ocrx_word' id='word_1_108' title='bbox 1111 955 1222 1004; x_wconf 71' lang='lat' dir='ltr'>quod</span> <span class='ocrx_word' id='word_1_109' title='bbox 1240 956 1284 993; x_wconf 89' lang='lat' dir='ltr'>in</span> <span class='ocrx_word' id='word_1_110' title='bbox 1307 970 1382 994; x_wconf 91' lang='lat' dir='ltr'>suo</span> 
     </span>
     <span class='ocr_line' id='line_1_15' title="bbox 218 1012 1384 1064; baseline 0.001 -16"><span class='ocrx_word' id='word_1_111' title='bbox 218 1023 367 1062; x_wconf 80' lang='lat' dir='ltr'><strong>genere</strong></span> <span class='ocrx_word' id='word_1_112' title='bbox 378 1013 589 1064; x_wconf 77' lang='lat' dir='ltr'>expletum</span> <span class='ocrx_word' id='word_1_113' title='bbox 608 1018 728 1062; x_wconf 83' lang='lat' dir='ltr'>atque</span> <span class='ocrx_word' id='word_1_114' title='bbox 743 1012 998 1048; x_wconf 78' lang='lat' dir='ltr'>cumulatum</span> <span class='ocrx_word' id='word_1_115' title='bbox 1016 1017 1088 1058; x_wconf 82' lang='lat' dir='ltr'>est,</span> <span class='ocrx_word' id='word_1_116' title='bbox 1113 1017 1222 1048; x_wconf 76' lang='lat' dir='ltr'>certe</span> <span class='ocrx_word' id='word_1_117' title='bbox 1241 1025 1384 1049; x_wconf 84' lang='lat' dir='ltr'>omnes</span> 
     </span>
     <span class='ocr_line' id='line_1_16' title="bbox 186 1065 1386 1119; baseline 0.002 -16"><span class='ocrx_word' id='word_1_118' title='bbox 186 1097 191 1100; x_wconf 96' lang='lat'>.</span> <span class='ocrx_word' id='word_1_119' title='bbox 217 1066 387 1104; x_wconf 82' lang='lat' dir='ltr'>virtutis</span> <span class='ocrx_word' id='word_1_120' title='bbox 402 1075 606 1119; x_wconf 82' lang='lat' dir='ltr'>compotes</span> <span class='ocrx_word' id='word_1_121' title='bbox 618 1068 727 1111; x_wconf 84' lang='lat' dir='ltr'>beati</span> <span class='ocrx_word' id='word_1_122' title='bbox 747 1071 855 1104; x_wconf 90' lang='lat' dir='ltr'>sunt.</span> <span class='ocrx_word' id='word_1_123' title='bbox 883 1065 1012 1104; x_wconf 86' lang='lat' dir='ltr'><strong>Immo</strong></span> <span class='ocrx_word' id='word_1_124' title='bbox 1031 1071 1129 1103; x_wconf 85' lang='lat' dir='ltr'>sunt</span> <span class='ocrx_word' id='word_1_125' title='bbox 1146 1066 1386 1105; x_wconf 76' lang='lat' dir='ltr'>beatissimi.</span> 
     </span>
     <span class='ocr_line' id='line_1_17' title="bbox 221 1120 1384 1172; baseline -0.002 -10"><span class='ocrx_word' id='word_1_126' title='bbox 221 1120 341 1162; x_wconf 83' lang='lat' dir='ltr'>Nihil</span> <span class='ocrx_word' id='word_1_127' title='bbox 360 1123 471 1161; x_wconf 83' lang='lat' dir='ltr'>enim</span> <span class='ocrx_word' id='word_1_128' title='bbox 492 1125 604 1162; x_wconf 82' lang='lat' dir='ltr'>deest</span> <span class='ocrx_word' id='word_1_129' title='bbox 623 1124 674 1161; x_wconf 87' lang='lat' dir='ltr'>ad</span> <span class='ocrx_word' id='word_1_130' title='bbox 693 1124 810 1161; x_wconf 87' lang='lat' dir='ltr'>beate</span> <span class='ocrx_word' id='word_1_131' title='bbox 828 1122 1053 1160; x_wconf 84' lang='lat' dir='ltr'>vivendum</span> <span class='ocrx_word' id='word_1_132' title='bbox 1073 1122 1130 1169; x_wconf 85' lang='lat' dir='ltr'>ei,</span> <span class='ocrx_word' id='word_1_133' title='bbox 1161 1123 1233 1172; x_wconf 84' lang='lat' dir='ltr'>qui</span> <span class='ocrx_word' id='word_1_134' title='bbox 1252 1123 1384 1160; x_wconf 83' lang='lat' dir='ltr'>confi-</span> 
     </span>
     <span class='ocr_line' id='line_1_18' title="bbox 221 1177 1383 1226; baseline -0.001 -9"><span class='ocrx_word' id='word_1_135' title='bbox 221 1177 284 1218; x_wconf 84' lang='lat' dir='ltr'>dit</span> <span class='ocrx_word' id='word_1_136' title='bbox 301 1179 386 1218; x_wconf 89' lang='lat' dir='ltr'>suis</span> <span class='ocrx_word' id='word_1_137' title='bbox 406 1180 537 1219; x_wconf 86' lang='lat' dir='ltr'>bonis.</span> <span class='ocrx_word' id='word_1_138' title='bbox 606 1180 686 1226; x_wconf 82' lang='lat' dir='ltr'>Qui</span> <span class='ocrx_word' id='word_1_139' title='bbox 706 1185 842 1216; x_wconf 77' lang='lat' dir='ltr'>autem</span> <span class='ocrx_word' id='word_1_140' title='bbox 866 1177 1016 1216; x_wconf 84' lang='lat' dir='ltr'>diffidit</span> <span class='ocrx_word' id='word_1_141' title='bbox 1031 1179 1172 1216; x_wconf 86' lang='lat' dir='ltr'>beatus</span> <span class='ocrx_word' id='word_1_142' title='bbox 1192 1192 1277 1216; x_wconf 88' lang='lat' dir='ltr'>esse</span> <span class='ocrx_word' id='word_1_143' title='bbox 1297 1193 1383 1216; x_wconf 85' lang='lat' dir='ltr'>non</span> 
     </span>
     <span class='ocr_line' id='line_1_19' title="bbox 219 1230 1384 1286; baseline 0 -14"><span class='ocrx_word' id='word_1_144' title='bbox 219 1241 372 1286; x_wconf 78' lang='lat' dir='ltr'>potest.&#39;</span> <span class='ocrx_word' id='word_1_145' title='bbox 433 1236 487 1273; x_wconf 89' lang='lat' dir='ltr'>At</span> <span class='ocrx_word' id='word_1_146' title='bbox 515 1236 675 1274; x_wconf 74' lang='lat' dir='ltr'>diffidat</span> <span class='ocrx_word' id='word_1_147' title='bbox 701 1230 973 1282; x_wconf 73' lang='lat' dir='ltr'>necesse‘est‚</span> <span class='ocrx_word' id='word_1_148' title='bbox 1010 1235 1080 1286; x_wconf 88' lang='lat' dir='ltr'>qui</span> <span class='ocrx_word' id='word_1_149' title='bbox 1106 1235 1213 1271; x_wconf 89' lang='lat' dir='ltr'>bona</span> <span class='ocrx_word' id='word_1_150' title='bbox 1233 1234 1384 1272; x_wconf 78' lang='lat' dir='ltr'>dividit</span> 
     </span>
     <span class='ocr_line' id='line_1_20' title="bbox 219 1289 1382 1342; baseline 0.001 -15"><span class='ocrx_word' id='word_1_151' title='bbox 219 1291 443 1342; x_wconf 81' lang='lat' dir='ltr'>tripertito.</span> <span class='ocrx_word' id='word_1_152' title='bbox 502 1291 582 1337; x_wconf 82' lang='lat' dir='ltr'>Qui</span> <span class='ocrx_word' id='word_1_153' title='bbox 600 1292 710 1329; x_wconf 72' lang='lat' dir='ltr'>onim</span> <span class='ocrx_word' id='word_1_154' title='bbox 728 1290 866 1342; x_wconf 82' lang='lat' dir='ltr'>potuit</span> <span class='ocrx_word' id='word_1_155' title='bbox 885 1295 958 1327; x_wconf 85' lang='lat' dir='ltr'>aut</span> <span class='ocrx_word' id='word_1_156' title='bbox 973 1290 1158 1341; x_wconf 87' lang='lat' dir='ltr'>corporis</span> <span class='ocrx_word' id='word_1_157' title='bbox 1177 1289 1382 1339; x_wconf 83' lang='lat' dir='ltr'>firmitate,</span> 
     </span>
     <span class='ocr_line' id='line_1_21' title="bbox 176 1346 1385 1396; baseline -0.001 -11"><span class='ocrx_word' id='word_1_158' title='bbox 176 1365 183 1375; x_wconf 66' lang='lat'>⁵</span> <span class='ocrx_word' id='word_1_159' title='bbox 210 1353 294 1385; x_wconf 51' lang='lat' dir='ltr'>‘aut</span> <span class='ocrx_word' id='word_1_160' title='bbox 311 1347 503 1384; x_wconf 76' lang='lat' dir='ltr'>fortunae</span> <span class='ocrx_word' id='word_1_161' title='bbox 522 1348 745 1385; x_wconf 74' lang='lat' dir='ltr'>stabilitate</span> <span class='ocrx_word' id='word_1_162' title='bbox 767 1346 1002 1384; x_wconf 74' lang='lat' dir='ltr'>confidere?</span> <span class='ocrx_word' id='word_1_163' title='bbox 1054 1346 1177 1396; x_wconf 81' lang='lat' dir='ltr'>Atqui</span> <span class='ocrx_word' id='word_1_164' title='bbox 1199 1346 1279 1383; x_wconf 86' lang='lat' dir='ltr'>nisi</span> <span class='ocrx_word' id='word_1_165' title='bbox 1299 1352 1385 1384; x_wconf 84' lang='lat' dir='ltr'>sta-</span> 
     </span>
     <span class='ocr_line' id='line_1_22' title="bbox 221 1402 1384 1456; baseline -0.001 -15"><span class='ocrx_word' id='word_1_166' title='bbox 221 1403 298 1455; x_wconf 79' lang='lat' dir='ltr'>bili</span> <span class='ocrx_word' id='word_1_167' title='bbox 329 1409 370 1439; x_wconf 84' lang='lat' dir='ltr'>et</span> <span class='ocrx_word' id='word_1_168' title='bbox 398 1403 484 1441; x_wconf 83' lang='lat' dir='ltr'>fixo</span> <span class='ocrx_word' id='word_1_169' title='bbox 511 1409 551 1441; x_wconf 83' lang='lat' dir='ltr'>et</span> <span class='ocrx_word' id='word_1_170' title='bbox 569 1408 837 1456; x_wconf 76' lang='lat' dir='ltr'>permanente</span> <span class='ocrx_word' id='word_1_171' title='bbox 863 1403 969 1440; x_wconf 88' lang='lat' dir='ltr'>bono</span> <span class='ocrx_word' id='word_1_172' title='bbox 994 1402 1135 1440; x_wconf 81' lang='lat' dir='ltr'>beatus</span> <span class='ocrx_word' id='word_1_173' title='bbox 1157 1415 1242 1438; x_wconf 84' lang='lat' dir='ltr'>esse</span> <span class='ocrx_word' id='word_1_174' title='bbox 1261 1416 1384 1440; x_wconf 86' lang='lat' dir='ltr'>nemo</span> 
     </span>
     <span class='ocr_line' id='line_1_23' title="bbox 222 1458 1386 1511; baseline 0 -15"><span class='ocrx_word' id='word_1_175' title='bbox 222 1465 371 1510; x_wconf 81' lang='lat' dir='ltr'>potest.</span> <span class='ocrx_word' id='word_1_176' title='bbox 428 1459 568 1511; x_wconf 86' lang='lat' dir='ltr'>Itaque</span> <span class='ocrx_word' id='word_1_177' title='bbox 595 1459 671 1510; x_wconf 87' lang='lat' dir='ltr'>qui·</span> <span class='ocrx_word' id='word_1_178' title='bbox 692 1458 861 1498; x_wconf 85' lang='lat' dir='ltr'>virtutis</span> <span class='ocrx_word' id='word_1_179' title='bbox 890 1471 1054 1509; x_wconf 82' lang='lat' dir='ltr'>compos</span> <span class='ocrx_word' id='word_1_180' title='bbox 1082 1464 1161 1501; x_wconf 77' lang='lat' dir='ltr'>cst,</span> <span class='ocrx_word' id='word_1_181' title='bbox 1190 1458 1300 1495; x_wconf 82' lang='lat' dir='ltr'>solus</span> <span class='ocrx_word' id='word_1_182' title='bbox 1323 1466 1386 1496; x_wconf 82' lang='lat' dir='ltr'>est</span> 
     </span>
     <span class='ocr_line' id='line_1_24' title="bbox 222 1514 1385 1569; baseline -0.001 -16"><span class='ocrx_word' id='word_1_183' title='bbox 222 1516 400 1562; x_wconf 41' lang='lat' dir='ltr'>beatuss</span> <span class='ocrx_word' id='word_1_184' title='bbox 415 1516 566 1569; x_wconf 80' lang='lat' dir='ltr'>quippe</span> <span class='ocrx_word' id='word_1_185' title='bbox 585 1515 655 1565; x_wconf 83' lang='lat' dir='ltr'>qui</span> <span class='ocrx_word' id='word_1_186' title='bbox 673 1529 755 1551; x_wconf 84' lang='lat' dir='ltr'>non</span> <span class='ocrx_word' id='word_1_187' title='bbox 778 1514 931 1559; x_wconf 81' lang='lat' dir='ltr'>timeat,</span> <span class='ocrx_word' id='word_1_188' title='bbox 960 1528 1011 1551; x_wconf 80' lang='lat' dir='ltr'>ne</span> <span class='ocrx_word' id='word_1_189' title='bbox 1030 1528 1171 1552; x_wconf 77' lang='lat' dir='ltr'>eorum</span> <span class='ocrx_word' id='word_1_190' title='bbox 1184 1543 1193 1560; x_wconf 92' lang='lat'>,</span> <span class='ocrx_word' id='word_1_191' title='bbox 1224 1516 1270 1552; x_wconf 87' lang='lat' dir='ltr'>in</span> <span class='ocrx_word' id='word_1_192' title='bbox 1289 1515 1385 1566; x_wconf 86' lang='lat' dir='ltr'>qui-</span> 
     </span>
     <span class='ocr_line' id='line_1_25' title="bbox 222 1570 1385 1622; baseline -0.002 -12"><span class='ocrx_word' id='word_1_193' title='bbox 222 1571 298 1610; x_wconf 88' lang='lat' dir='ltr'>bus</span> <span class='ocrx_word' id='word_1_194' title='bbox 326 1571 413 1610; x_wconf 86' lang='lat' dir='ltr'>vita</span> <span class='ocrx_word' id='word_1_195' title='bbox 443 1573 557 1610; x_wconf 80' lang='lat' dir='ltr'>beata</span> <span class='ocrx_word' id='word_1_196' title='bbox 584 1571 791 1619; x_wconf 79' lang='lat' dir='ltr'>consistit,</span> <span class='ocrx_word' id='word_1_197' title='bbox 837 1570 995 1622; x_wconf 82' lang='lat' dir='ltr'>aliquid</span> <span class='ocrx_word' id='word_1_198' title='bbox 1025 1570 1246 1621; x_wconf 81' lang='lat' dir='ltr'>deperdat·,</span> <span class='ocrx_word' id='word_1_199' title='bbox 1274 1570 1385 1622; x_wconf 80' lang='lat' dir='ltr'>quod</span> 
     </span>
     <span class='ocr_line' id='line_1_26' title="bbox 223 1626 1386 1674; baseline 0.001 -10"><span class='ocrx_word' id='word_1_200' title='bbox 223 1632 333 1666; x_wconf 85' lang='lat' dir='ltr'>certe</span> <span class='ocrx_word' id='word_1_201' title='bbox 352 1641 438 1665; x_wconf 88' lang='lat' dir='ltr'>non</span> <span class='ocrx_word' id='word_1_202' title='bbox 458 1628 515 1666; x_wconf 84' lang='lat' dir='ltr'>ita</span> <span class='ocrx_word' id='word_1_203' title='bbox 542 1630 583 1664; x_wconf 89' lang='lat' dir='ltr'>se</span> <span class='ocrx_word' id='word_1_204' title='bbox 603 1627 794 1674; x_wconf 85' lang='lat' dir='ltr'>haberet,</span> <span class='ocrx_word' id='word_1_205' title='bbox 825 1626 905 1665; x_wconf 86' lang='lat' dir='ltr'>nisi</span> <span class='ocrx_word' id='word_1_206' title='bbox 926 1639 1046 1664; x_wconf 89' lang='lat' dir='ltr'>omne</span> <span class='ocrx_word' id='word_1_207' title='bbox 1065 1627 1219 1663; x_wconf 86' lang='lat' dir='ltr'>bonum</span> <span class='ocrx_word' id='word_1_208' title='bbox 1238 1627 1282 1664; x_wconf 86' lang='lat' dir='ltr'>in</span> <span class='ocrx_word' id='word_1_209' title='bbox 1302 1640 1386 1665; x_wconf 81' lang='lat' dir='ltr'>una</span> 
     </span>
     <span class='ocr_line' id='line_1_27' title="bbox 207 1682 1386 1734; baseline -0.002 -12"><span class='ocrx_word' id='word_1_210' title='bbox 207 1682 437 1722; x_wconf 75' lang='lat' dir='ltr'>‘honestate</span> <span class='ocrx_word' id='word_1_211' title='bbox 455 1684 707 1721; x_wconf 78' lang='lat' dir='ltr'>consisteret.</span> <span class='ocrx_word' id='word_1_212' title='bbox 764 1683 895 1733; x_wconf 79' lang='lat' dir='ltr'>Atque</span> <span class='ocrx_word' id='word_1_213' title='bbox 907 1696 1033 1733; x_wconf 87' lang='lat' dir='ltr'>quum</span> <span class='ocrx_word' id='word_1_214' title='bbox 1052 1683 1386 1734; x_wconf 78' lang='lat' dir='ltr'>perturbationes</span> 
     </span>
     <span class='ocr_line' id='line_1_28' title="bbox 207 1738 1389 1786; baseline -0.001 -8"><span class='ocrx_word' id='word_1_215' title='bbox 207 1739 352 1778; x_wconf 84' lang='lat' dir='ltr'>&#39;animi</span> <span class='ocrx_word' id='word_1_216' title='bbox 379 1739 594 1786; x_wconf 84' lang='lat' dir='ltr'>miseram,</span> <span class='ocrx_word' id='word_1_217' title='bbox 630 1739 859 1778; x_wconf 82' lang='lat' dir='ltr'>sedationes</span> <span class='ocrx_word' id='word_1_218' title='bbox 887 1744 1023 1777; x_wconf 84' lang='lat' dir='ltr'>autem</span> <span class='ocrx_word' id='word_1_219' title='bbox 1050 1738 1179 1776; x_wconf 83' lang='lat' dir='ltr'>vitam</span> <span class='ocrx_word' id='word_1_220' title='bbox 1208 1738 1389 1777; x_wconf 66' lang='lat' dir='ltr'>efficiant</span> 
     </span>
     <span class='ocr_line' id='line_1_29' title="bbox 223 1794 1386 1847; baseline 0.001 -16"><span class='ocrx_word' id='word_1_221' title='bbox 223 1795 405 1843; x_wconf 66' lang='lat' dir='ltr'>beatam,</span> <span class='ocrx_word' id='word_1_222' title='bbox 445 1796 515 1847; x_wconf 86' lang='lat' dir='ltr'>qui</span> <span class='ocrx_word' id='word_1_223' title='bbox 544 1795 607 1832; x_wconf 71' lang='lat' dir='ltr'>his</span> <span class='ocrx_word' id='word_1_224' title='bbox 638 1795 983 1834; x_wconf 75' lang='lat' dir='ltr'>concitationibus</span> <span class='ocrx_word' id='word_1_225' title='bbox 1019 1794 1177 1832; x_wconf 79' lang='lat' dir='ltr'>solutus</span> <span class='ocrx_word' id='word_1_226' title='bbox 1206 1808 1252 1832; x_wconf 84' lang='lat' dir='ltr'>ac</span> <span class='ocrx_word' id='word_1_227' title='bbox 1279 1795 1386 1833; x_wconf 83' lang='lat' dir='ltr'>liber</span> 
     </span>
     <span class='ocr_line' id='line_1_30' title="bbox 211 1851 1388 1901; baseline -0.001 -13"><span class='ocrx_word' id='word_1_228' title='bbox 211 1857 305 1900; x_wconf 79' lang='lat' dir='ltr'>est,</span> <span class='ocrx_word' id='word_1_229' title='bbox 345 1865 437 1891; x_wconf 86' lang='lat' dir='ltr'>eum</span> <span class='ocrx_word' id='word_1_230' title='bbox 468 1865 588 1890; x_wconf 83' lang='lat' dir='ltr'>nemo</span> <span class='ocrx_word' id='word_1_231' title='bbox 620 1851 825 1889; x_wconf 78' lang='lat' dir='ltr'>dubitabit</span> <span class='ocrx_word' id='word_1_232' title='bbox 852 1852 1016 1890; x_wconf 79' lang='lat' dir='ltr'>beatum</span> <span class='ocrx_word' id='word_1_233' title='bbox 1045 1851 1196 1891; x_wconf 78' lang='lat' dir='ltr'>dicere.</span> <span class='ocrx_word' id='word_1_234' title='bbox 1261 1851 1388 1901; x_wconf 82' lang='lat' dir='ltr'>Atqui</span> 
     </span>
     <span class='ocr_line' id='line_1_31' title="bbox 224 1906 1387 1961; baseline -0.003 -15"><span class='ocrx_word' id='word_1_235' title='bbox 224 1907 386 1958; x_wconf 81' lang='lat' dir='ltr'>sapiens</span> <span class='ocrx_word' id='word_1_236' title='bbox 408 1921 570 1961; x_wconf 86' lang='lat' dir='ltr'>semper</span> <span class='ocrx_word' id='word_1_237' title='bbox 585 1908 646 1946; x_wconf 87' lang='lat' dir='ltr'>ita</span> <span class='ocrx_word' id='word_1_238' title='bbox 664 1906 832 1945; x_wconf 80' lang='lat' dir='ltr'>affectus</span> <span class='ocrx_word' id='word_1_239' title='bbox 853 1913 925 1944; x_wconf 90' lang='lat' dir='ltr'>est.</span> <span class='ocrx_word' id='word_1_240' title='bbox 982 1906 1151 1958; x_wconf 83' lang='lat' dir='ltr'>Semper</span> <span class='ocrx_word' id='word_1_241' title='bbox 1172 1906 1300 1957; x_wconf 75' lang='lat' dir='ltr'>igitur</span> <span class='ocrx_word' id='word_1_242' title='bbox 1320 1920 1387 1943; x_wconf 83' lang='lat' dir='ltr'>sa-</span> 
     </span>
     <span class='ocr_line' id='line_1_32' title="bbox 222 1963 1388 2015; baseline -0.003 -13"><span class='ocrx_word' id='word_1_243' title='bbox 222 1964 340 2015; x_wconf 83' lang='lat' dir='ltr'>piens</span> <span class='ocrx_word' id='word_1_244' title='bbox 359 1965 502 2002; x_wconf 85' lang='lat' dir='ltr'>beatus</span> <span class='ocrx_word' id='word_1_245' title='bbox 522 1969 595 2002; x_wconf 87' lang='lat' dir='ltr'>est.</span> <span class='ocrx_word' id='word_1_246' title='bbox 652 1963 869 2002; x_wconf 77' lang='lat' dir='ltr'>Praeterea</span> <span class='ocrx_word' id='word_1_247' title='bbox 893 1976 1012 2008; x_wconf 81' lang='lat' dir='ltr'>onme</span> <span class='ocrx_word' id='word_1_248' title='bbox 1032 1965 1185 2000; x_wconf 85' lang='lat' dir='ltr'>bonum</span> <span class='ocrx_word' id='word_1_249' title='bbox 1213 1964 1388 2000; x_wconf 78' lang='lat' dir='ltr'>laetabi-</span> 
     </span>
     <span class='ocr_line' id='line_1_33' title="bbox 223 2018 1389 2071; baseline -0.003 -12"><span class='ocrx_word' id='word_1_250' title='bbox 223 2020 266 2064; x_wconf 76' lang='lat' dir='ltr'>le</span> <span class='ocrx_word' id='word_1_251' title='bbox 293 2025 375 2068; x_wconf 78' lang='lat' dir='ltr'>est3</span> <span class='ocrx_word' id='word_1_252' title='bbox 412 2019 523 2070; x_wconf 83' lang='lat' dir='ltr'>quod</span> <span class='ocrx_word' id='word_1_253' title='bbox 551 2025 689 2058; x_wconf 84' lang='lat' dir='ltr'>autem</span> <span class='ocrx_word' id='word_1_254' title='bbox 716 2019 905 2057; x_wconf 82' lang='lat' dir='ltr'>laetabile</span> <span class='ocrx_word' id='word_1_255' title='bbox 932 2019 976 2057; x_wconf 85' lang='lat' dir='ltr'>id</span> <span class='ocrx_word' id='word_1_256' title='bbox 1000 2018 1320 2071; x_wconf 80' lang='lat' dir='ltr'>praedicandum</span> <span class='ocrx_word' id='word_1_257' title='bbox 1346 2025 1389 2056; x_wconf 84' lang='lat' dir='ltr'>et</span> 
     </span>
     <span class='ocr_line' id='line_1_34' title="bbox 223 2074 1387 2127; baseline -0.003 -13"><span class='ocrx_word' id='word_1_258' title='bbox 223 2087 392 2127; x_wconf 79' lang='lat' dir='ltr'>praese</span> <span class='ocrx_word' id='word_1_259' title='bbox 415 2075 655 2124; x_wconf 77' lang='lat' dir='ltr'>ferendum3</span> <span class='ocrx_word' id='word_1_260' title='bbox 694 2075 803 2127; x_wconf 83' lang='lat' dir='ltr'>quod</span> <span class='ocrx_word' id='word_1_261' title='bbox 832 2075 912 2114; x_wconf 84' lang='lat' dir='ltr'>tale</span> <span class='ocrx_word' id='word_1_262' title='bbox 937 2082 1074 2113; x_wconf 85' lang='lat' dir='ltr'>autem</span> <span class='ocrx_word' id='word_1_263' title='bbox 1092 2074 1136 2112; x_wconf 85' lang='lat' dir='ltr'>id</span> <span class='ocrx_word' id='word_1_264' title='bbox 1154 2076 1276 2112; x_wconf 73' lang='lat' dir='ltr'>otiam</span> <span class='ocrx_word' id='word_1_265' title='bbox 1298 2075 1387 2126; x_wconf 82' lang='lat' dir='ltr'>glo-</span> 
     </span>
     <span class='ocr_line' id='line_1_35' title="bbox 222 2130 1387 2185; baseline -0.003 -13"><span class='ocrx_word' id='word_1_266' title='bbox 222 2133 392 2172; x_wconf 80' lang='lat' dir='ltr'>riosum.</span> <span class='ocrx_word' id='word_1_267' title='bbox 451 2131 498 2172; x_wconf 82' lang='lat' dir='ltr'>Si</span> <span class='ocrx_word' id='word_1_268' title='bbox 515 2145 614 2173; x_wconf 82' lang='lat' dir='ltr'>vero</span> <span class='ocrx_word' id='word_1_269' title='bbox 632 2132 869 2185; x_wconf 78' lang='lat' dir='ltr'>gloriosum,</span> <span class='ocrx_word' id='word_1_270' title='bbox 892 2138 1000 2171; x_wconf 78' lang='lat' dir='ltr'>certe</span> <span class='ocrx_word' id='word_1_271' title='bbox 1019 2130 1249 2181; x_wconf 79' lang='lat' dir='ltr'>laudabile3</span> <span class='ocrx_word' id='word_1_272' title='bbox 1276 2130 1387 2183; x_wconf 83' lang='lat' dir='ltr'>quod</span> 
     </span>
    </p>
   </div>
   <div class='ocr_carea' id='block_1_4' title="bbox 1458 371 1503 2584">
    <p class='ocr_par' dir='ltr' id='par_1_4' title="bbox 1458 371 1503 2584">
     <span class='ocr_line' id='line_1_36' title="bbox 1458 371 1503 2584; baseline 0 0"><span class='ocrx_word' id='word_1_273' title='bbox 1458 371 1503 2584; x_wconf 95' lang='lat' dir='ltr'> </span> 
     </span>
    </p>
   </div>
  </div>
 </body>
</html>
