1503 2584
327 109 471 148 LIBER
496 107 748 158 QUARTUS.
803 109 910 149 CAP.
939 123 997 159 ¹7⁴
1181 117 1250 154 225

78 213 145 249 tes
175 205 315 248 aciem
340 203 562 258 intendit,
590 211 641 244 ut
659 217 838 261 semper
856 203 1003 246 videat
1022 204 1171 247 sedem
1188 205 1250 247 si-

76 261 124 306 bi
151 277 202 304 ac
229 260 381 303 locum
410 260 504 301 sine
531 259 738 302 molestia
759 266 888 316 atque
908 275 1076 315 angore
1094 262 1248 304 viven-

77 320 146 368 di,
177 324 239 372 ut,
268 329 594 372 quemcumque
615 330 767 358 casum
789 315 973 358 fortuna
996 316 1244 373 invexerit,

75 374 195 417 hunc
215 379 318 426 apte
339 377 383 412 et
403 371 551 428 quiete
570 371 710 425 ferat3
739 372 860 430 quod
877 372 956 428 qui
976 371 1123 429 faciet,
1145 388 1240 416 non

75 427 352 486 aegritudine
381 426 528 469 solum
563 428 756 482 vacabit,
794 427 869 470 sed
899 429 1035 470 etiam
1064 435 1243 485 pertur-

73 483 330 527 bationibus
357 482 544 538 reliquis
572 484 795 525 omnibus.
872 483 958 525 His
988 493 1138 526 autem
1168 499 1244 528 va-

72 553 183 582 cuus
226 539 400 581 animus
438 538 637 595 perfecte
683 547 815 595 atque
851 540 1053 581 absolute
1089 541 1243 583 beatos

72 593 231 638 efficit:
251 601 268 629 ,Ι
309 594 520 649 idemque
557 594 809 635 concitatus
841 600 886 633 et
912 594 1161 638 abstractus
1186 596 1242 638 ab

70 651 247 706 integra
276 657 484 705 certaque
514 650 690 691 ratione
721 663 813 690 non
847 650 1144 691 constantiam
1173 664 1244 692 so-

71 706 168 748 lum
188 706 379 759 amittit,
409 719 562 746 verum
585 705 719 746 etiam
738 704 986 745 sanitatem.

211 761 436 813 Quocirca
467 761 613 802 mollis
642 767 687 802 et
712 767 920 802 enervata
951 762 1149 815 putanda
1174 769 1240 805 est

68 817 479 874 Peripateticorum
500 816 617 858 ratio
638 823 681 857 et
703 818 872 870 oratio,
909 817 984 872 qui
1005 819 1244 872 perturba-

69 874 114 916 ri
149 873 323 919 animos
359 886 537 914 necesse
575 885 667 912 esse
694 872 875 926 dicunt,
914 872 988 913 sed
1026 873 1242 916 adhibent

70 930 262 972 modum
296 928 546 985 quendam,
591 942 721 983 quem
753 928 872 968 ultra
909 930 1120 984 progredi
1146 945 1242 973 non

72 993 294 1043 oporteat.
342 985 532 1025 Modum
554 992 604 1025 tu
624 983 807 1025 adhibes
828 979 970 1025 vitio?
1001 999 1055 1025 an
1078 985 1240 1029 vitium

72 1040 254 1084 nullum
285 1047 373 1094 est,
413 1055 504 1082 non
525 1053 681 1095 parere
702 1036 905 1081 rationi?
945 1056 1000 1082 an
1020 1042 1134 1083 ratio
1161 1058 1242 1098 pa-

71 1111 176 1139 rum
217 1097 458 1153 praecipit,
501 1111 586 1138 nec
622 1094 793 1137 bonum
820 1096 936 1137 illud
967 1110 1081 1151 esse,
1117 1099 1241 1155 quod
1277 1134 1282 1141 .

73 1161 153 1195 aut
184 1153 337 1209 cupias
359 1152 593 1206 ardenter,
624 1159 703 1192 aut
723 1152 911 1208 adeptus
932 1152 1088 1195 efferas
1111 1163 1153 1196 te
1173 1155 1243 1197 in⁴

74 1203 303 1251 so‘lenter‘?
339 1224 422 1251 nec
451 1222 590 1265 porro
616 1208 813 1261 malum,
852 1222 939 1265 quo
961 1217 1037 1249 aut
1055 1224 1242 1267 oppres.

73 1280 148 1308 sus
186 1264 354 1320 iaceas,
402 1272 500 1319 aut,
551 1279 606 1307 ne
642 1265 925 1320 opprimere,
973 1273 1123 1306 niente
1161 1268 1239 1310 vix

72 1315 294 1364 constes?
328 1335 468 1377 eaque
505 1321 656 1363 omnia
684 1327 761 1361 aut
790 1321 924 1361 nimis
953 1321 1118 1376 tristia,
1162 1333 1241 1367 aut

71 1377 205 1420 nimis
237 1377 353 1419 laeta
391 1391 540 1420 errore
575 1371 710 1418 fieri?
755 1377 833 1432 qui
861 1377 896 1418 si
932 1387 1061 1418 error
1088 1380 1240 1421 stultis

70 1442 343 1475 extenuetur
359 1433 453 1487 die,
478 1439 551 1487 ut,
580 1446 720 1489 quum
738 1446 807 1473 res
831 1432 984 1475 eadem
1004 1442 1199 1490 maneat,
1215 1443 1239 1465 ²

70 1489 200 1531 aliter
235 1489 382 1531 ferant
418 1490 690 1539 inveterata,
738 1488 870 1530 aliter
898 1490 1122 1543 recentia;
1169 1507 1240 1533 sa-

68 1545 242 1603 pientes
272 1559 327 1587 ne
354 1547 546 1601 attingat
574 1544 756 1600 quidem
785 1545 985 1587 omnino.
1051 1546 1237 1591 Etenim

71 1601 168 1657 quis
187 1602 273 1643 erit
292 1600 471 1643 tandem
494 1601 652 1642 modus
673 1596 794 1643 iste?-
820 1601 1099 1652 Quaeramus
1114 1606 1239 1648 enim

70 1657 260 1700 modum
279 1657 596 1714 aegritudinis,
623 1658 672 1698 in
726 1671 781 1698 uo
803 1671 964 1712 operae
989 1658 1239 1714 plurimum

70 1714 271 1770 ponitur.
328 1715 478 1769 Aegre
508 1713 657 1755 tulisse
726 1743 736 1753 .
764 1713 1005 1769 Rupilium
1034 1720 1051 1746 3
1084 1715 1237 1759 fratris

59 1770 299 1826 'repulsam
319 1769 575 1812 consulatus
589 1801 602 1821 ‚
629 1769 852 1825 scriptum
874 1770 993 1825 apud
1012 1770 1238 1815 Fannium

73 1833 150 1867 est.
190 1826 278 1868 Sed
295 1834 446 1869 tamen
464 1825 671 1868 transisse
689 1825 867 1868 videtur
882 1825 1087 1884 modum,
1107 1828 1241 1887 quip-⁴

123 1998 158 2037 ι)
184 1997 329 2032 Davis.
348 2000 498 2035 mavult
517 1998 651 2034 beatu·-
666 1997 839 2034 efficitur.

121 2040 163 2087 ²)
189 2043 333 2079 Davis.
354 2045 549 2081 eBentleii
569 2050 801 2080 correctione
819 2057 931 2091 quum
951 2057 990 2083 re
1010 2046 1143 2088 eadem
1161 2060 1240 2085 ma-

73 2096 203 2122 neant.
250 2089 302 2124 Et
322 2100 495 2126 maneant
514 2103 569 2128 esc
588 2094 629 2127 in
649 2090 736 2125 cod.
756 2092 859 2126 Pich.

73 2134 316 2216 1).ὅέὶυὶἑῖῧὲ
328 2137 385 2172 sic
413 2139 567 2173 Manae.
596 2134 782 2174 Bokerius
816 2137 943 2188 Ψοζί.
991 2140 1120 2190 Vulgo
1141 2142 1244 2186 mala
1302 2152 1316 2157 ²

121 2237 209 2280 Cic.
234 2238 336 2287 Ope,
365 2238 471 2278 Tem.
503 2239 618 2282 XIK.
1023 2232 1078 2277 15
