1503 2584
261 114 331 157 338
571 109 630 148 Μ.
655 109 825 147 TULLII
849 110 1122 150 CICERONIS

268 205 414 261 vitus,
439 203 566 247 ‘nihil
593 203 773 259 dolens,
809 203 928 247 nihil
952 212 1158 257 coactum
1205 208 1323 264 quod
1352 212 1438 254 etsi

270 262 333 306 ita
350 275 468 317 esse,
494 259 700 316 pluribus
717 260 862 304 verbis
881 259 1188 306 disserendum
1209 273 1296 306 est:
1321 265 1438 310 illud

270 325 424 360 tamen
454 325 499 358 et
526 317 661 359 breve
691 323 736 357 et
761 315 1068 359 confitendum
1099 327 1190 376 est,
1209 328 1221 352 ¹
1251 321 1335 363 nisi
1359 322 1438 379 qui

270 374 338 416 ita
353 373 412 415 sit
431 372 637 426 affectus,
668 385 760 413 esse
781 371 980 414 liberum
997 375 1237 418 neminem.
1293 376 1438 433 Igitur

276 443 433 472 omnes
471 427 668 484 improbi
705 428 834 470 servi.
910 428 1009 470 Nec
1039 429 1123 472 hoc
1152 440 1242 474 tam
1271 447 1321 474 re
1348 441 1439 488 est,

275 499 409 542 quam
438 484 564 528 dictu
590 483 879 540 inopinatum
898 492 1030 541 atque
1053 485 1271 530 mirabile.
1329 490 1440 533 Non

274 542 397 584 enim
425 541 489 583 ita
520 540 677 581 dicunt
703 555 778 582 eos
807 554 899 581 esse
918 555 1091 596 servos,
1121 550 1172 584 ut
1194 545 1440 602 mancipia,

276 612 388 654 quae
418 604 524 638 sunt
550 596 838 638 dominorum
867 595 986 638 facta
1013 612 1162 652 neXU‚
1193 609 1270 642 aut
1290 601 1438 657 aliquo

275 655 376 697 iure
397 652 542 705 civilit,
576 652 678 707 sed,
708 652 745 693 si
762 652 948 694 servitus
968 654 1051 708 sit,
1085 653 1200 697 sicut
1219 663 1308 711 est,
1337 658 1443 700 obe-

277 709 444 752 dientia
472 707 607 751 fracti
632 707 775 749 animi
804 717 849 749 et
884 708 1045 751 abiecti
1081 719 1125 752 et
1157 711 1343 755 arbitrio
1371 729 1444 756 ca-

277 765 419 809 rentis
446 779 554 820 suo,
593 764 690 820 quis
716 769 877 819 neget,
918 778 1074 806 omnes
1099 766 1245 824 leves,
1289 784 1444 812 omnes

278 821 482 880 cupidos,
505 834 661 863 omnes
675 819 868 876 denique
885 818 1131 875 improbos,
1151 835 1242 863 esse
1260 821 1446 869 servos?

419 922 478 965 II.
534 922 612 965 An
629 921 706 963 ille
725 920 841 964 mihi
857 920 994 973 liber,
1031 921 1104 962 cui
1122 921 1287 965 mulier
1301 923 1449 982 impe-

281 974 390 1024 rat?
417 979 493 1020 cui
509 978 631 1034 leges
649 977 868 1033 imponit,
896 977 1182 1034 praescribit,
1209 978 1350 1035 iubet,
1375 996 1451 1024 ve-

282 1043 374 1092 tat,
404 1035 523 1092 quod
543 1028 756 1077 videtur?
793 1034 869 1091 qui
888 1031 1002 1074 nihil
1019 1032 1266 1089 imperanti
1284 1052 1339 1078 ne
1375 1052 1449 1079 are

283 1100 454 1150 potest,
474 1090 591 1134 nihil
611 1104 817 1133 recusare
835 1085 1004 1131 audet?
1033 1086 1219 1132 Poscit?
1248 1092 1333 1134 dan
1373 1109 1451 1137 um

283 1156 376 1202 θείς
419 1142 585 1190 vocat?
626 1146 925 1201 veniendum3
969 1142 1124 1188 eiicit?
1169 1147 1453 1205 abeundum3

285 1199 522 1247 minatur?
569 1202 970 1246 extimescendum.
1044 1201 1145 1259 Ego
1177 1217 1284 1246 vero
1313 1205 1451 1255 istum

284 1277 381 1304 non
406 1261 544 1303 modo
570 1274 774 1315 servum,
809 1259 885 1300 sed
904 1273 959 1301 ne
993 1259 1225 1303 uissimum
1245 1275 1450 1318 servum,

287 1317 424 1360 etiam
443 1318 480 1360 si
497 1316 544 1359 in
564 1316 838 1373 amplissima
855 1315 966 1357 fami
988 1316 1025 1357 'a
1048 1323 1176 1357 natus
1196 1316 1268 1371 sit,
1295 1318 1450 1375 appel,-

286 1373 474 1416 landum
495 1379 620 1438 puto.
666 1373 820 1429 Atque
840 1384 890 1413 ut
908 1371 955 1414 in
974 1386 1137 1427 magna
1158 1372 1329 1415 familia
1346 1382 1451 1417 sunt

287 1430 366 1472 alii
391 1429 605 1472 lautmres
634 1427 713 1488 (ut
737 1427 820 1470 sibi
847 1424 1085 1494 videntur)
1112 1428 1249 1482 servi,
1287 1431 1364 1472 sed
1387 1439 1454 1473 ta-

288 1501 398 1529 men
425 1486 565 1540 serviss,
600 1486 813 1527 atrienses
830 1498 881 1525 ac
901 1484 1106 1541 topiarh3
1144 1486 1239 1541 pari
1258 1487 1452 1530 stultitia

288 1550 417 1597 sunt,
448 1557 558 1599 quos
576 1542 723 1598 signa,
753 1554 863 1597 quos
877 1539 1068 1593 tabulae,
1094 1555 1203 1597 quos
1227 1543 1450 1585 caelatum

289 1606 552 1655 argentum,
588 1611 697 1655 quos
718 1595 960 1639 Corinkhia
981 1610 1140 1653 opera,
1170 1612 1281 1653 quos
1299 1599 1452 1641 aedifi-

290 1654 361 1696 cia
380 1654 618 1710 magnifica
637 1653 778 1694 nimio
804 1666 938 1709 opere
957 1652 1192 1694 delectant.
1247 1657 1350 1710 „At
1377 1670 1452 1697 su-

286 1725 417 1766 mm,
444 1711 681 1767 inquiunt,
721 1707 910 1751 civitatis
930 1708 1167 1764 principes.
1179 1710 1208 1734 “
1269 1711 1359 1752 Vos
1381 1726 1453 1753 ve.

291 1781 346 1809 ro
375 1781 431 1809 ne
459 1780 778 1808 conservorum
804 1764 989 1821 quidem
1013 1773 1262 1808 vestrorum
1288 1767 1457 1822 princi-

288 1837 376 1881 pes
393 1823 508 1865 estis.
566 1822 656 1865 sed
673 1829 725 1864 ut
742 1821 789 1863 in
808 1820 1003 1876 familia,
1041 1821 1116 1877 qui
1137 1829 1326 1864 tractant
1344 1823 1453 1879 ista,

292 1879 380 1936 qui,
408 1886 618 1936 tergunt,
663 1879 744 1934 qui
778 1884 980 1933 ungunt,
1022 1877 1098 1933 qui
1127 1885 1334 1934 verrunt,
1374 1881 1451 1935 qui

291 1943 535 1992 spargunt,
563 1950 655 1978 non
673 1934 1037 1977 honestissimum
1058 1933 1208 1975 locum
1225 1936 1452 1978 servitutis

291 1998 468 2034 tenent:
506 1991 569 2033 sic
597 1992 646 2034 iu
675 1991 877 2046 civitate,
913 1990 990 2047 qui
1016 2004 1062 2031 se
1086 1989 1271 2032 istarum
1295 2006 1449 2035 rerum

336 2140 385 2192 ι).
403 2140 464 2174 Sic
485 2141 580 2193 Mfs.
602 2139 776 2175 nonnulli
795 2148 830 2174 et
850 2136 913 2184 ed,
932 2139 1079 2175 Victor.
1105 2138 1191 2174 Alit
1209 2137 1302 2174 illud
1323 2147 1446 2177 tamen

284 2183 387 2222 bren
398 2184 682 2229 ‘cannen-udum
700 2195 779 2228 ants
