1503 2584
491 143 892 182 PROLEGOMENA.
1232 162 1275 197 ,9

107 248 194 286 eius
219 243 327 284 'libro
359 243 410 282 de
429 238 594 282 Virtute
621 242 673 281 ad
699 243 835 294 ipsum
854 241 1028 295 scripto,
1059 257 1139 295 quo
1160 246 1272 287 libros

107 318 149 342 se
178 305 312 355 ipsum
342 314 365 338 a
392 300 524 338 Bruto
551 306 821 351 provocatum
843 312 928 337 esse
948 301 1093 347 scribit
1108 303 1159 340 de
1178 303 1267 350 fin,
1324 348 1329 353 q

108 360 139 398 ι’.
158 373 190 396 0.
211 359 248 396 3.

243 469 295 508 Et
320 470 363 508 in
391 467 650 521 praefatione
678 466 844 519 quidem
881 466 1005 508 huius
1041 469 1138 509 libri
1178 471 1268 524 pri-

105 539 219 566 mum
240 526 310 574 ait,
339 539 406 563 eos
429 520 500 576 qui
528 538 570 562 se
589 525 640 562 ad
659 525 945 576 philosophiae
963 528 1146 565 studium
1167 541 1269 568 con-¹

104 582 282 621 tulerint
306 582 495 633 profecto
524 595 595 632 spe
622 582 738 619 beate
763 582 933 619 vivendi
961 588 1119 621 tantam
1145 584 1190 622 in
1217 598 1268 625 eo
1325 618 1330 632 ,

103 639 242 678 studio
265 651 404 675 curam
424 650 670 689 operamque
689 638 885 688 posuisse.
943 638 1063 684 Quod
1085 641 1119 677 si
1146 643 1196 679 ab
1214 643 1267 681 iis

103 696 276 734 inventa
303 699 344 732 et
370 695 552 745 perfecta
582 695 738 741 virum,
775 694 820 730 in
845 706 973 745 eaque
993 695 1089 732 satis
1110 698 1268 747 praesi-

104 751 164 790 dii
174 751 225 789 ad
237 751 354 788 beate
365 750 592 788 vivendum
614 750 678 796 sit,
696 755 738 785 et
757 751 968 806 pragmhre
979 753 1030 788 ab
1049 751 1131 790 illis
1153 748 1268 804 posi-

104 815 189 847 tam
217 812 260 844 et
287 820 311 843 a
338 819 380 844 se
397 806 487 858 ipso
517 812 747 856 susceptam
775 819 860 843 esse
893 820 1060 858 operam
1079 808 1267 859 philoso-

103 863 288 921 phandi„
331 861 412 901 Sed
440 862 475 899 si
493 862 626 900 virtus
648 875 732 898 non
751 863 881 913 possit
900 875 942 900 se
958 863 1047 915 ipsa
1065 864 1264 905 adversus

101 923 316 961 fortunam
336 919 458 970 tueri,
481 918 710 956 verendum
731 931 828 963 esse,
849 932 900 956 ne
921 932 1005 963 non
1024 925 1107 958 tam
1125 921 1268 961 virtu·-

103 978 156 1015 tis
176 975 325 1013 fiducia
345 974 562 1014 nitendum
585 974 702 1012 nobis
724 974 774 1011 ad
793 986 907 1026 spem
928 975 1043 1014 beate
1070 974 1264 1030 vivendi,

106 1046 229 1085 quam
248 1037 346 1069 vota
371 1031 560 1068 facienda
585 1031 820 1068 videantur.
888 1033 946 1069 Ac
972 1046 1013 1069 se
1041 1033 1178 1083 ipsum
1199 1035 1269 1073 ina

103 1088 268 1128 tel-dum
304 1086 403 1124 huic
438 1085 665 1139 sententiae
702 1085 909 1135 diffidere3
957 1089 1132 1127 eundem
1163 1105 1263 1129 vero
1323 1107 1326 1110 ⁴

106 1146 233 1184 etiam
260 1156 302 1180 se
330 1142 549 1193 castigare,
591 1151 717 1192 quum
749 1143 918 1197 cogitet,
955 1157 1041 1182 non
1058 1159 1112 1183 ex
1129 1144 1269 1185 homi-

103 1213 206 1240 num
228 1198 414 1247 mollitia,
443 1198 513 1235 sed
532 1211 584 1235 ex
602 1199 695 1248 ipsa·
710 1199 864 1235 virtute
883 1199 932 1236 de
950 1201 1118 1238 virtutis
1141 1204 1266 1241 robo-

103 1266 149 1296 re
177 1254 499 1293 existimandum
525 1266 622 1290 esse.
690 1252 822 1290 Huius
850 1267 949 1292 vero
978 1257 1148 1307 culpae,
1185 1272 1265 1310 qua

104 1311 292 1352 homines
329 1310 468 1347 omnia
496 1308 667 1346 adversa
693 1314 781 1346 tum
810 1310 1022 1348 venientia
1050 1319 1161 1351 metu
1190 1328 1267 1353 ex-

104 1372 301 1420 augeam,
329 1371 420 1404 tum
440 1378 625 1403 maerore
644 1365 896 1415 praesentia,
926 1372 972 1404 ut
990 1369 1175 1408 omnium
1197 1385 1265 1409 er·-

102 1437 245 1464 rorum
257 1429 298 1460 et
315 1428 590 1475 peccatorum,
617 1421 837 1472 petendam
856 1435 942 1460 esse
962 1438 985 1461 a
1003 1424 1268 1478 philosophia.

104 1479 425 1527 eorrectionen1,
464 1490 586 1529 quam
620 1477 790 1530 egregiis
812 1477 1004 1518 laudibus
1030 1489 1207 1537 exornat
1231 1497 1266 1522 c.

107 1550 142 1575 ι.
163 1549 201 1575 2.
269 1535 394 1573 Cuius
425 1542 577 1573 n'omen
608 1534 685 1571 etsi
712 1546 855 1571 recens
889 1535 962 1584 sit,
1010 1551 1099 1575 rem
1126 1545 1267 1579 tamen

102 1595 235 1645 ipsam
279 1591 607 1643 antiquissimam
648 1603 734 1631 esse
773 1591 1040 1631 demonstrat.
1123 1593 1267 1647 Itaque

102 1651 187 1688 iam
208 1648 390 1687 'heroicis
423 1646 677 1698 temporibus
699 1645 861 1684 Ulixem
890 1654 931 1685 et
954 1649 1172 1690 Nestorem
1200 1666 1268 1691 sa—

104 1707 264 1758 pientes
302 1705 452 1751 fuisse,
491 1702 644 1750 deinde
679 1702 902 1741 Homerum
939 1711 981 1743 et
1008 1706 1267 1759 Lycurgum,

103 1770 192 1800 tum
213 1766 368 1813 septem
390 1760 483 1797 illos
514 1759 740 1810 sapientes3
774 1760 904 1798 donec
923 1769 1093 1803 exortus
1107 1764 1165 1802 sit
1183 1765 1271 1816 Py«-

104 1818 316 1870 thagoras,
354 1816 426 1867 qui
451 1816 586 1867 ipsum
614 1814 900 1868 philosophiae
920 1830 1072 1856 nomen
1091 1820 1267 1860 invene·-

103 1875 182 1923 rit‚
211 1887 296 1912 non
314 1880 454 1910 tamen
472 1872 653 1910 nominis
671 1872 804 1921 solum
832 1871 1049 1923 inventor,
1095 1877 1167 1915 secl
1197 1890 1267 1916 re-

104 1943 201 1969 rum
222 1937 384 1981 quoque
408 1928 682 1981 amplificator
698 1930 848 1978 fuerit,
879 1937 920 1969 et
942 1943 1131 1986 magnam
1148 1933 1266 1973 illam

107 1987 321 2025 Graeciam
348 1985 544 2038 privatim
571 1990 612 2021 et
635 1986 800 2036 publice
833 1988 1198 2038 praestantissimis
1225 1991 1271 2029 et

107 2043 310 2081 institutis
329 2049 370 2080 et
390 2042 545 2080 artibus
565 2043 843 2081 exornaverit.
891 2045 925 2081 A
944 2043 1125 2096 physicis
1147 2047 1268 2084 dein—

109 2099 159 2136 de
184 2112 312 2150 usque
339 2098 391 2136 ad
419 2098 630 2136 Socratem
664 2110 858 2137 numeros
886 2101 1146 2151 potissimum
1176 2115 1266 2140 mo-

107 2162 255 2207 tusque
286 2161 481 2194 tractatos
513 2167 624 2204 esse,
651 2156 962 2208 quaesitumque
990 2158 1100 2197 unde
1130 2158 1269 2198 omnia
