1503 2584
251 128 264 153 ι
273 126 316 166 72
499 114 598 150 TUS
604 114 715 150 CUL.
743 112 1166 151 DISPUTATIONUM

204 204 207 215 '
246 223 342 254 esse
367 207 544 252 videtur
571 208 618 249 in
649 206 732 250 hac
760 220 889 249 causa
909 206 1018 248 loci:
1051 221 1162 265 quae
1181 210 1332 251 tamen
1352 210 1414 254 ita

245 266 380 322 dicet,
401 264 644 322 dupliciter
662 277 754 305 esse
766 271 818 304 :te
833 262 1067 318 iniustum,
1088 279 1227 319 quum
1249 273 1293 307 et
1312 266 1417 308 alie·-

245 337 356 365 num
376 329 583 378 appetas,
614 320 692 377 qui
719 317 921 361 mortalis
946 327 1077 360 natus
1108 320 1415 364 conditionem

243 379 446 437 postules
474 375 827 428 immortalium,
874 382 919 416 et
946 377 1141 431 graviter
1169 377 1307 432 feras,
1348 385 1418 435 te,

279 435 370 477 uod
410 432 631 476 utendum
668 430 920 488 acceperiS,
967 431 1228 475 reddidisse.
1305 434 1419 476 Pru-

278 490 423 532 entiae
453 503 560 530 vero
584 487 692 545 quid
714 486 1029 542 respondebis,
1062 488 1265 545 docenti,
1289 499 1297 519 ¹
1331 490 1420 532 vir-

244 553 394 588 tutem
414 559 505 586 sese
527 559 619 587 esse
642 550 899 586 contentam
915 575 927 598 ,
963 557 1052 599 quo
1074 544 1208 587 modo
1229 546 1281 588 ad
1304 546 1417 588 bene

243 601 513 655 vivendum,
547 601 609 643 sic
639 608 684 643 et
712 600 768 642 ad
799 593 961 641 beate?
999 615 1110 658 quae
1138 602 1172 643 si
1194 603 1419 644 extrinse-

245 672 327 702 cus
355 657 541 714 religata
569 656 787 713 pendeat,
826 663 872 697 et
897 671 988 698 non
1019 663 1063 697 et
1091 658 1263 699 oriatur
1294 673 1317 700 a
1346 672 1415 714 se,

244 721 292 756 et
317 727 472 757 rursus
504 713 558 754 ad
589 727 634 755 se
653 718 930 765 revertatur,
961 721 1005 754 et
1024 716 1173 755 omnia
1195 729 1271 755 sua
1295 729 1419 756 com-

242 771 382 829 plexa
402 769 517 812 nihil
538 778 720 826 quaerat
740 768 944 810 aliunde:
974 785 1065 811 non
1083 770 1306 826 intelligo,
1335 785 1418 813 cur

243 834 325 870 aut
344 826 489 869 verbis
508 833 598 866 tam
617 826 906 866 vehementer
920 826 1136 880 ornanda,
1157 834 1233 868 aut
1253 842 1300 868 re
1322 836 1420 869 tan-

240 892 403 939 topere
424 881 673 938 expetenda
693 882 910 922 videatur.
923 882 952 905 “
981 906 1036 914 -—
1077 881 1151 922 Ad
1171 881 1279 924 haec
1300 885 1418 925 bona

243 954 320 982 me
349 938 386 981 si
412 951 618 991 revocas,
657 936 877 991 Epicure,
907 951 1068 991 pareo,
1097 951 1284 992 sequor,
1313 948 1417 981 utor

243 1002 290 1036 te
326 996 420 1051 ipso
448 994 584 1045 duce,
624 992 864 1033 obliviscor
899 991 1034 1033 etiam
1071 992 1322 1049 malorum,
1367 1001 1418 1036 ut

243 1051 396 1107 iubes,
427 1063 568 1105 eoque
590 1047 788 1104 facilius,
817 1047 937 1104 quod
958 1062 1006 1089 ea
1025 1062 1081 1090 ne
1099 1048 1146 1090 in
1165 1050 1295 1090 malis
1323 1052 1421 1107 qui-

245 1107 349 1150 dem
381 1104 591 1163 ponenda
620 1107 794 1146 censeo.
852 1104 941 1145 Sed
962 1105 1159 1146 traducis
1182 1106 1420 1161 cogitatio-

244 1179 325 1206 nes
362 1177 482 1206 meas
523 1161 577 1202 ad
612 1160 878 1217 voluptates.
955 1156 1116 1217 Quas?
1174 1161 1417 1218 Corpori-5,

244 1220 407 1275 credo,
455 1225 531 1260 aut
568 1232 681 1274 quae
711 1225 897 1274 propter
923 1231 1085 1272 corpus
1116 1217 1186 1259 vel
1211 1220 1419 1261 recorda-

244 1277 385 1330 tione,
411 1275 479 1318 vel
500 1288 577 1330 spe
598 1274 869 1329 cogitentur.
917 1273 1155 1329 Numquid
1176 1282 1242 1316 est
1261 1271 1417 1318 aliud?

243 1332 449 1375 Rectene
467 1331 741 1385 interpretor
758 1330 1026 1371 sententiam
1047 1326 1208 1372 tuam?
1258 1331 1418 1374 Solent

246 1389 369 1430 enim
402 1388 477 1430 isti
503 1400 668 1441 negare
706 1399 787 1427 nos
825 1385 1105 1439 intelligere,
1151 1386 1259 1443 quid
1296 1387 1418 1429 dicat

244 1445 488 1500 Epicurus.
552 1443 656 1484 Hoc
697 1442 831 1497 dicit,
872 1448 916 1481 et
954 1441 1040 1482 hoc
1068 1441 1143 1484 ille
1171 1443 1419 1499 acriculus,

246 1515 320 1543 me
357 1495 592 1554 audiente,
639 1498 833 1540 Athenis
867 1511 1005 1539 senex
1035 1497 1188 1550 Zeno,
1223 1499 1416 1542 istorum

245 1557 552 1609 acutissimus,
600 1555 875 1596 contendere
912 1562 956 1594 et
995 1567 1158 1609 magna
1198 1568 1306 1597 voce
1349 1556 1419 1597 di-

246 1628 346 1655 cere
368 1611 562 1654 solebat:
600 1626 704 1652 eum
726 1624 816 1651 esse
842 1610 1046 1664 beatum,
1075 1610 1154 1665 qui
1173 1613 1420 1667 praesenti-

245 1668 330 1711 bus
370 1667 674 1723 voluptatibus
704 1667 955 1719 frueretur,
1001 1664 1335 1722 confideretque
1370 1682 1416 1710 se

243 1725 490 1768 fruiturum
503 1731 578 1764 aut
596 1723 643 1763 in
657 1722 794 1777 omni,
808 1728 885 1762 aut
899 1721 946 1762 in
967 1735 1128 1777 magna
1143 1730 1269 1778 parte
1284 1724 1415 1780 vitae,

246 1781 405 1823 dolore
429 1795 520 1822 non
552 1779 905 1833 interveniente,
943 1785 1019 1819 aut
1044 1778 1080 1818 si
1100 1777 1417 1836 interveniret,

247 1838 283 1879 si
306 1851 508 1878 summus
526 1834 670 1889 foret,
698 1834 906 1876 futurum
927 1833 1132 1888 brevem,
1170 1835 1238 1876 sin
1266 1841 1283 1865 ²
1311 1851 1419 1891 pro-

248 1893 452 1945 ductior,
483 1891 585 1948 plus
604 1890 864 1932 habiturum
883 1889 1090 1944 iucundi,
1127 1903 1260 1945 quam
1282 1892 1417 1947 mali,

246 1949 358 1991 haec
381 1949 655 2004 cogitantem
674 1945 771 1988 fore
792 1945 1000 2001 beatum,
1027 1948 1293 2004 praesertim
1312 1947 1350 1989 si
1372 1955 1416 1989 et

297 2101 331 2137 1)
362 2097 484 2142 Vulgo
508 2093 661 2128 dicenti.

249 2142 510 2229 matini-insto
537 2141 646 2187 vulg.
668 2139 700 2174 εἰ
720 2139 831 2177 dedit
850 2142 994 2176 Davis.
1017 2152 1036 2173 e
1058 2139 1172 2175 codd.
1196 2142 1287 2189 Reg.
1309 2141 1418 2180 pith,
