1503 2584
208 169 255 214 36
465 168 676 207 wscmz.
702 169 1130 208 DISPUTAnoNUm

214 261 455 305 indoctior.
511 262 577 305 Er
610 278 636 304 o
657 262 708 303 in
728 262 916 306 Graecia
932 264 1096 306 musici
1113 263 1383 320 floruerunt,

216 319 444 361 discebant
475 319 570 361 uei
635 325 655 348 ¹
686 333 868 374 omnes,
892 335 999 374 nee,
1031 321 1108 377 qui
1130 320 1381 374 nesciebat,

216 376 326 416 satis
351 390 466 417 excu
488 384 557 416 tus
580 375 785 417 doctrina
813 375 1067 431 putabatur.
1126 375 1180 417 In
1200 390 1379 418 summo
1401 405 1403 408 .

214 431 337 486 apud
361 432 462 473 illos
492 431 666 472 honore
728 431 945 474 eometria
968 431 1069 473 fuit.
1136 431 1290 487 Itaque
1311 432 1379 473 ni-

214 487 280 533 hil
308 487 637 529 mathematicis
668 486 701 528 il
723 489 902 529 usn-ius.
974 487 1041 530 At
1074 503 1156 530 nos
1191 488 1381 529 metien-

215 544 259 584 di
303 542 690 598 ratiocinandique
728 543 925 586 utilitate
978 543 1113 587 huius
1150 544 1255 586 artis
1291 551 1379 585 ter-

213 599 483 642 minavimus
504 600 708 641 modum.

350 711 430 755 III.
488 712 553 754 At
580 719 738 755 contra
766 719 995 754 oratorem
1026 712 1228 755 celeriter
1255 726 1379 754 com-

211 768 339 826 plex]
358 784 534 822 sumus',
557 784 639 810 nec
657 784 762 811 eum
780 769 928 825 primo
948 769 1201 824 eruditum,
1221 776 1377 822 aptum

210 833 364 867 tamen
402 825 460 866 ad
484 825 762 881 ·dice11dum;
812 833 912 880 post
946 833 1097 867 autem
1134 825 1378 867 eruditum.

212 883 336 924 Nam
365 881 580 937 Galbam,
617 880 911 936 Africanum,
951 881 1185 937 Laelium,
1221 881 1376 922 doctos

211 938 348 980 fuisse
383 937 602 979 traditum
637 945 728 992 θεῖ’,
772 937 1024 979 studiosum
1061 945 1211 979 autem
1245 952 1377 991 eum,

212 995 290 1050 qui
320 994 375 1036 iis
405 1000 549 1035 aetate
577 993 798 1047 anteibat,
845 992 1093 1046 Catonem3
1136 1000 1241 1057 post
1269 1006 1375 1034 vero

209 1050 465 1106 Lepidum,
502 1049 784 1104 Carbonem,
806 1056 823 1080 2
857 1047 1114 1102 Gracch0s3
1145 1049 1285 1090 1nde³
1313 1050 1376 1090 ita

209 1121 399 1162 :magnos
416 1112 618 1147 nostram
636 1104 692 1146 ad
712 1111 900 1146 aetatem
913 1135 926 1158 ‚
965 1110 1017 1145 ut
1039 1119 1131 1146 non
1152 1104 1349 1146 multum
1362 1136 1376 1160 ‚

210 1170 290 1205 aut
306 1161 421 1203 nihil
450 1160 635 1202 omnino
657 1160 840 1202 Graecis
867 1160 1116 1202 cederetur.
1145 1168 1167 1196 4
1223 1160 1378 1202 Philo-

207 1218 367 1275 sophia
399 1217 536 1259 iacuit
566 1231 704 1273 usque
732 1217 789 1257 ad
816 1215 932 1257 hanc
961 1225 1177 1272 aetatem,
1202 1231 1286 1258 nec
1304 1216 1377 1258 ul-

208 1275 306 1317 lum
327 1274 483 1315 habuit
501 1273 656 1314 lumen
675 1272 910 1314 literarum
925 1273 1224 1328 Latinarum3
1260 1286 1374 1328 quae

208 1330 498 1383 illustranda,
536 1335 581 1369 et
608 1328 844 1369 excitanda
869 1328 997 1369 nobis
1019 1337 1105 1382 est,
1136 1336 1210 1384 ut,
1241 1330 1277 1370 si
1298 1343 1374 1375 oc-

210 1387 366 1444 cupati
392 1384 648 1442 profuimus
675 1383 843 1440 aliquid
863 1383 1030 1424 civibus
1050 1386 1235 1440 nostris,
1265 1400 1373 1441 pro-

208 1444 350 1485 simus
375 1442 534 1497 essam,
570 1441 605 1482 si
632 1454 893 1497 possumUS‚
930 1440 1075 1481 otiosi.
1134 1441 1186 1482 In
1207 1456 1295 1498 quo
1316 1456 1370 1482 eo

206 1500 348 1555 magis
366 1498 494 1540 nobis
511 1505 577 1539 est
596 1495 946 1549 elaborandum,
974 1496 1094 1552 quod
1119 1497 1252 1538 multi
1281 1497 1372 1538 iam

207 1569 301 1597 esse
322 1555 477 1597 Latini
494 1553 601 1595 libri
624 1553 838 1593 dicuntur
857 1552 1010 1608 scripti
1026 1552 1369 1607 inconsiderate,

209 1611 264 1652 ab
291 1610 472 1668 optimis
500 1609 567 1651 illi
599 1617 613 1640 <
649 1607 830 1665 quidem
860 1608 986 1662 viris,
1027 1609 1106 1650 sed
1139 1624 1230 1650 non
1265 1610 1369 1651 satis

209 1668 408 1709 eruditis.
442 1671 462 1694 ⁶
522 1665 641 1707 Fieri
667 1670 817 1706 autem
844 1668 1013 1721 potest,
1050 1671 1100 1705 ut
1123 1674 1242 1707 recte
1271 1666 1370 1722 quis

252 1845 287 1885 1)
313 1838 514 1873 Emensus
534 1837 704 1872 malebat
723 1836 827 1871 ideo.
875 1835 950 1871 Sed
967 1835 1065 1871 nihil
1084 1849 1189 1881 opus.

252 1892 288 1926 2)
314 1887 429 1921 Recte
455 1889 511 1918 sic
538 1883 720 1918 Beroald.
750 1883 934 1917 Erasmus
964 1890 1009 1917 ιἰ.
1038 1883 1139 1918 Ald.
1160 1884 1288 1930 Steph.
1315 1896 1368 1920 ec.

203 1933 315 1967 Male
345 1931 522 1964 nonnulli
552 1930 641 1969 edd,
672 1931 878 1967 Catonem,
906 1928 1008 1976 quod
1029 1939 1086 1963 esc
1104 1942 1144 1963 ιη
1164 1931 1368 1977 compluti,

204 1979 273 2012 hus
298 1980 389 2011 Mss.

244 2024 288 2071 3)
314 2025 374 2058 Sic
394 2024 538 2057 Πανία.
557 2035 579 2056 e
599 2022 686 2069 Reg.
710 2020 820 2056 Med.
853 2020 980 2067 Vulgo
1003 2019 1155 2056 deinde.

242 2075 281 2115 4)
307 2069 472 2103 Lambin
508 2068 733 2102 cederemus.

246 2118 287 2163 5)
318 2116 378 2150 Sic
400 2115 489 2148 Em.
518 2113 641 2159 Wolf.
676 2115 799 2160 Vulgo
821 2111 908 2146 illis.

243 2166 286 2208 b)
315 2158 600 2204 „Amafanium
632 2168 764 2198 notat,
791 2159 963 2205 aliosque
978 2160 1179 2194 nonnullos
1204 2173 1253 2195 ez·
1270 2161 1362 2208 Epi·

197 2213 280 2246 curi
303 2219 434 2254 grege,
472 2218 562 2251 quos
589 2217 633 2239 eo
661 2207 815 2239 nomine
842 2210 1069 2249 perstrinxit
1090 2214 1206 2241 ettam
1231 2209 1359 2243 Acad.

197 2269 228 2291 1.
249 2267 285 2290 2.
306 2252 359 2290 cf.
387 2251 535 2287 Tus-cul.
557 2251 633 2287 IV.
653 2258 727 2293 ’5.“
752 2251 895 2285 Davis.
