1503 2584
332 87 477 123 LIBER
509 86 752 132 QUINTUS.
810 86 914 123 CAP.
943 88 979 125 6.
1007 99 1044 135 7·
1208 90 1276 130 265

110 197 226 241 quae
241 180 398 237 cuique
417 179 615 221 accidere
638 188 648 210 ¹
680 186 893 237 possunt,
920 180 1173 224 tolerabilia
1194 181 1278 226 du·

111 248 204 294 cat,
240 250 296 280 ex
323 249 409 292 quo
442 249 522 276 nec
552 236 690 276 timor
710 250 837 290 eum,
875 250 958 278 neo
979 251 1123 293 angor
1141 240 1279 296 attin-

110 302 210 351 gat:
238 293 466 347 idemque,
494 292 528 333 si
552 291 667 333 nihil
687 291 996 348 concupiscat,
1025 293 1151 335 nulla
1172 294 1278 336 effe·

109 358 237 395 ratur
266 348 401 390 animi
432 347 558 390 inani
588 347 845 404 voluptate:
883 348 992 405 quid
1013 356 1102 404 est,
1143 350 1275 392 curis

109 421 203 449 non
234 405 386 446 beatus
415 404 494 458 sit3
531 413 575 446 et
600 405 638 445 si
666 404 774 446 haec
803 405 968 447 virtute
996 404 1277 460 efficiuntur,

110 461 216 562 guid
251 468 340 547 egt,
396 475 477 502 cur
511 461 651 505 virtus
684 461 781 517 ipsa
806 475 887 519 per
913 475 958 503 se
984 475 1078 505 non
1115 461 1277 505 efficiat

142 525 261 561 eatos
278 550 288 559 .

248 629 357 673 vll.
411 629 468 672 A.
488 628 628 685 Atqui
648 627 841 671 alterum
866 629 952 671 dici
971 644 1063 672 non
1082 629 1277 684 po'test‚²

107 689 218 745 quin
235 687 290 740 ii,
315 685 389 743 qui
411 685 524 727 nihil
544 692 769 738 metuant,
799 684 911 727 nihil
931 694 1180 740 angantur,
1209 688 1279 728 ni-

107 743 175 786 hil
195 742 540 798 concupiscant,
573 740 696 783 nulla
717 741 959 797 impotenti
983 741 1150 784 laetitia
1169 742 1279 785 effe-

107 808 291 854 rantur,
328 797 446 840 beati
464 797 579 849 sint3
615 798 767 853 itaque
786 797 831 839 id
852 797 937 839 tibi
961 798 1184 852 conced03
1213 799 1278 840 al-

109 862 259 898 terum
288 861 437 896 autem
456 854 546 895 iam
567 854 793 908 integrum
815 869 907 896 non
928 861 1008 896 est.
1065 854 1279 911 Superio-

109 913 233 954 ribus
268 911 389 954 enim
417 909 795 965 disputationibus
826 909 1035 953 effectum
1067 921 1156 967 est,
1205 925 1279 953 va-

110 983 212 1010 care
234 967 359 1010 omni
379 966 517 1007 animi
539 965 870 1023 perturbatione
887 968 1150 1023 sapientem.
1208 967 1275 1011 Μ.

109 1025 345 1069 Nimirum
365 1022 502 1079 igitur
523 1022 725 1064 confecta
745 1035 812 1063 res
833 1029 911 1064 est.
943 1023 1136 1066 Videtur
1153 1024 1277 1069 enim

111 1082 169 1124 ad
187 1081 362 1123 exitum
384 1078 552 1121 venisse
574 1078 785 1135 quaestio.
853 1079 910 1121 A.
939 1079 1277 1136 Propemodum

109 1138 159 1181 id
179 1135 373 1194 quidem.
431 1134 497 1176 M.
522 1135 834 1177 Veruntamen
852 1135 1276 1180 mathematicorum

109 1194 192 1237 iste
221 1208 320 1234 mos
351 1199 439 1247 est,
475 1202 567 1233 non
601 1198 666 1233 est
691 1190 1083 1248 philosophorum.
1151 1194 1277 1234 Nam

111 1256 368 1306 geometrae
387 1262 525 1305 quum
546 1246 714 1304 aliquid
735 1247 896 1289 docere
916 1249 1089 1303 volunt,
1112 1249 1150 1291 si
1165 1249 1278 1305 quid

111 1306 169 1348 ad
201 1320 299 1347 eam
328 1319 422 1346 rem
451 1303 647 1361 pertinet
670 1317 851 1357 eorum,
884 1319 995 1359 quae
1018 1311 1119 1347 ante
1140 1306 1280 1348 docu-

109 1368 268 1416 erunt,
313 1360 361 1403 id
395 1367 578 1401 sumunt
612 1374 699 1416 pro
739 1374 951 1401 concesso
989 1368 1032 1402 et
1060 1361 1276 1416 probato:

110 1417 226 1460 illud
254 1417 391 1459 modo
416 1416 668 1471 explicant,
706 1415 760 1458 de
787 1423 876 1471 qu'o
905 1424 1006 1458 ante
1034 1417 1150 1460 nihil
1168 1418 1279 1460 seri-

148 1482 250 1516 tum
269 1485 346 1514 est.
402 1471 694 1527 Philosophi,
731 1486 1059 1530 quamcumque
1081 1489 1178 1516 rem
1198 1474 1279 1517 ha-

110 1489 220 1573 fient
246 1529 296 1570 in
323 1527 552 1583 manibus,
592 1528 640 1569 in
674 1542 799 1582 eam,
835 1542 947 1584 quae
977 1525 1276 1585 co‘nveniunt,

110 1590 366 1641 congerunt
383 1584 533 1626 omnia
547 1616 560 1639 ,
587 1584 668 1625 etsi
687 1584 776 1625 atio
795 1585 895 1626 loco
917 1584 1141 1641 disputata
1157 1595 1275 1629 sunt.

110 1641 246 1694 Quod
266 1639 313 1682 ni
331 1639 395 1682 ita
415 1647 551 1692 esset,
581 1655 660 1682 cur
680 1639 882 1692 Stoicus,
911 1640 946 1681 si
966 1648 1079 1682 esset
1100 1643 1276 1698 quaesi-

113 1705 235 1752 tum,
271 1696 432 1738 satisne
461 1695 514 1737 ad
537 1697 660 1738 beate
682 1696 924 1738 vivendum
945 1697 1080 1739 virtus
1103 1705 1275 1755 posset,

110 1753 255 1798 multa
273 1747 475 1795 diceret?
513 1752 585 1793 cui
605 1752 707 1794 satis
731 1760 866 1808 esset,
894 1755 1193 1809 respondere,
1227 1771 1273 1797 se

113 1817 215 1852 ante
236 1808 461 1863 docuisse,
488 1807 604 1851 nihil
622 1808 795 1851 bonum
813 1823 921 1862 esse,
948 1809 1034 1851 nisi
1053 1810 1175 1868 quod
1193 1810 1276 1853 ho-

164 1983 197 2026 ι)
221 1993 460 2029 quaecunque
487 1981 653 2016 accidere
680 1991 834 2027 possunt
864 1983 1005 2027 recepit
1032 1995 1051 2015 e
1070 1982 1156 2017 cod.
1180 1984 1274 2029 Reg.

115 2026 218 2063 Pecr.
239 2028 339 2063 Ball.
352 2029 555 2062 Davisius.
579 2029 774 2063 Bentleius
792 2028 961 2064 malebat
986 2040 1078 2076 quae
1099 2029 1273 2076 cuiquam

117 2072 286 2108 accidere
308 2083 474 2119 poscunt.

161 2122 201 2164 2)
226 2116 397 2154 Lambin.
419 2120 588 2156 malebat
610 2129 709 2167 atqui
731 2120 886 2155 alterum
914 2133 989 2155 non
1012 2120 1084 2156 diei
1105 2127 1179 2156 no'n
1203 2134 1271 2170 po-

118 2175 208 2206 teon
234 2165 301 2209 vel
316 2165 415 2221 atqui
434 2166 590 2202 alterum
608 2166 732 2214 negari
753 2178 828 2202 non
850 2176 985 2213 potest.
