1503 2584
320 142 474 187 mmm
490 149 770 185 SECUNDUS.
819 149 925 186 CAP.
951 161 1009 198 27.
1184 157 1249 200 ¹47

77 258 127 287 re
154 258 246 287 non
270 241 443 298 stangi3
480 241 640 284 debeas
661 243 916 286 existimare
937 252 1014 286 aut
1035 259 1127 286 non
1150 259 1241 288 esse

76 301 262 352 malum,
288 298 509 353 dolorem,
538 306 628 353 aut,
659 299 846 353 etiamsi,
876 300 1094 356 quidquid
1114 317 1242 358 aspe-

77 371 178 398 rum
203 355 492 411 alienumque
523 363 680 397 natura
707 356 790 410 sit,
828 356 874 398 id
903 357 1120 413 appellari
1145 360 1239 414 pla-

74 420 171 455 ceat
200 411 394 466 malum,
432 411 661 454 tantulum
687 419 839 454 tamen
870 427 990 468 esse,
1024 419 1078 454 ut
1105 427 1130 454 a
1152 415 1240 457 vir-

75 475 167 511 tute
187 467 248 509 ita
268 466 502 524 obruatur,
532 476 582 509 ut
599 483 820 524 nusquam
840 477 1068 526 appareat.
1109 471 1238 522 Quae

72 523 305 577 meditare,
334 538 513 579 quaeso,
544 524 636 565 dies
657 530 700 564 et
717 533 886 566 noctes.
929 524 1090 567 Latius
1112 527 1239 569 enim

66 579 275 633 ,manabit
290 620 293 621 γ
307 578 416 620 haec
448 581 588 633 ratio,
620 587 664 621 et
685 580 915 636 aliquanto
933 581 1150 624 rna-iorem
1170 583 1238 624 lo-

72 631 201 693 mna,
255 650 372 691 5uam
402 635 455 676 de
477 650 569 677 uno
590 636 767 690 dolore,
802 636 1055 693 occupabit.
1113 639 1237 682 Nam

70 694 107 735 si
127 693 281 734 omnia
305 691 541 748 fugiendae
568 692 876 749 turpitudiniS,
904 693 1240 750 adipiscendae-

71 763 157 806 que
187 747 431 790 honestatis
456 762 588 789 causa
615 748 853 803 faciemus,
880 764 973 791 non
997 750 1134 792 modo
1158 752 1238 793 sti-

70 805 220 846 mulos
241 805 424 857 doloris,
445 804 520 845 sed
541 804 677 846 etiam
690 803 882 846 fulmina
902 805 1107 848 fortunae
1128 821 1238 850 con·

69 869 324 904 temnamus
355 860 531 915 licebit,
568 861 836 918 praesertim
864 875 1003 918 quum
1026 872 1237 918 paratum

70 918 125 959 sit
155 917 269 959 illud
298 931 356 958 ex
383 916 595 959 hesterna
623 917 926 974 disputatione
963 917 1235 975 perfugium.

70 974 135 1016 Ut
155 974 274 1015 enim
294 974 330 1015 si
350 974 424 1014 cui
446 974 701 1029 naviganti,
737 988 870 1029 quem
932 975 1148 1018 medones
1166 976 1237 1018 in·

69 1036 341 1086 sequantur,
379 1028 487 1071 deus
514 1030 611 1086 quis
634 1029 822 1071 dixerit:
861 1060 890 1083 „
920 1030 1025 1071 jiice
1046 1040 1090 1073 te
1108 1033 1236 1088 navi3

70 1092 250 1144 praesto
281 1094 370 1139 est,
447 1086 494 1126 ui
519 1086 739 1142 excipiat,
781 1086 852 1127 vel
881 1086 1150 1143 delfinum,
1185 1096 1235 1130 ut

71 1142 294 1185 Arionem
316 1142 414 1183 Met
438 1156 722 1197 13⁷111naeuin‚
758 1141 829 1183 vel
848 1143 949 1198 equi
972 1143 1150 1200 Pelopis
1167 1145 1236 1186 illi

70 1198 316 1255 Neptunii,
352 1198 427 1253 qui
455 1213 536 1253 per
565 1198 705 1240 undas
733 1212 889 1240 currus
909 1213 1144 1256 suspensos
1166 1216 1236 1242 ra-

70 1255 218 1312 puisse
246 1254 481 1308 dic-untur,
518 1254 750 1309 excipient
774 1261 844 1308 te,
875 1261 942 1308 et,
981 1269 1070 1310 quo
1100 1257 1234 1311 velis,

69 1310 360 1368 perferent;“
397 1324 577 1351 omnem
608 1310 786 1351 omittat
808 1311 1044 1351 timorem:
1078 1312 1140 1353 sic
1161 1327 1238 1354 ur-

68 1365 276 1423 gentibus
305 1366 469 1422 asperis
499 1374 543 1407 et
571 1366 735 1407 odiosis
764 1366 1020 1422 doloribus,
1057 1368 1094 1409 si
1124 1370 1237 1411 tanti

70 1424 180 1475 sint,
220 1429 270 1463 ut
296 1421 473 1463 ferendi
501 1437 594 1464 non
624 1423 738 1478 sint,
776 1424 865 1478 quo
895 1423 952 1464 sit
974 1423 1239 1481 confugien-

69 1480 203 1535 dum,
230 1478 364 1520 vides.

198 1536 327 1578 Haec-
349 1533 444 1576 fere
466 1535 550 1576 hoc
569 1543 772 1592 tempore
792 1535 948 1591 putavi
969 1550 1062 1578 esse
1084 1537 1237 1581 dicen-

70 1591 138 1634 da.
198 1591 285 1634 Sed
309 1598 358 1632 tu
379 1591 563 1633 fortasse
583 1591 631 1633 in
651 1591 872 1633 sententia
894 1607 1143 1648 permanes.
1178 1596 1235 1637 A.

68 1649 263 1691 Minime
297 1660 427 1689 vero:
475 1661 634 1705 meque
669 1648 805 1690 biduo
836 1648 1029 1690 duarum
1056 1665 1236 1707 rerum,

59 1714 181 1762 'quas
198 1705 397 1747 maxime
414 1703 629 1745 timebam
643 1736 654 1758 ,
682 1719 814 1759 spero
835 1704 1076 1747 liberatum
1094 1716 1234 1750 metu.

68 1762 135 1804 M.
165 1762 273 1810 Cras
300 1775 407 1815 ergo
437 1760 492 1801 ad
521 1760 821 1817 clepsydram.
880 1761 955 1802 Sic
983 1763 1104 1804 enim
1125 1764 1235 1806 dici-

68 1833 184 1861 mus.
239 1817 301 1859 Et
329 1816 413 1857 tibi
440 1816 523 1857 hoc
544 1817 675 1858 video
694 1832 784 1858 non
805 1831 932 1872 posse
951 1817 1120 1860 deberi.
1177 1821 1233 1863 A.

70 1875 138 1917 Ita
165 1888 376 1930 prorsus,
412 1879 458 1914 et
482 1872 597 1914 illud
627 1873 805 1930 quidem
842 1881 944 1915 ante
975 1875 1233 1932 meridiem,

71 1931 157 1972 hoc
187 1930 342 1972 eodem
371 1937 591 1985 tempore.
657 1930 722 1971 M.
751 1930 824 1971 Sic
854 1929 1092 1988 faciemus,
1123 1933 1236 1975 tuis-

72 2001 157 2044 que
177 1987 359 2045 optimis
379 1986 535 2027 studiis
556 1985 867 2043 obsequemur.
