1503 2584
317 112 461 149 LIBER
486 113 730 159 QUINTUS.
774 113 882 149 CAP.
905 120 962 156 ²3.
979 118 1040 159 24.
1197 126 1269 165 '⁸9¹

94 222 236 253 mum.
302 206 423 258 Quid
459 212 526 247 est
561 214 713 249 autem
742 207 789 250 in
823 206 1008 250 homine
1039 209 1263 263 sagaci-ac

95 267 210 308 bona
231 269 379 305 mente
400 260 599 305 melius?
655 262 764 305 Eius
795 263 913 305 bono
931 262 1175 308 fruendum
1197 272 1265 309 est

94 324 255 380 igitur,
291 319 328 361 si
357 318 474 365 beau'
501 333 594 361 esse
621 321 842 361 volumus.
907 318 1085 362 Bonum
1107 329 1261 365 aufem

93 377 255 422 mentis
296 381 362 418 est
399 374 552 417 virtus.
628 375 752 427 Ergo
794 376 874 417 hac
915 376 1089 419 beatam
1121 377 1262 421 vitam

95 432 314 478 contineri
332 445 509 473 necesse
528 440 606 473 est.
663 431 788 474 Hinc
809 431 985 485 omnia,
1022 434 1137 490 vquae
1157 435 1261 490 pul-

92 491 223 543 chra,
253 487 462 542 honesta,
490 487 714 543 praeclara
736 496 863 541 sunt,
890 486 963 545 (ut
981 502 1111 544 supra
1126 488 1259 546 ‘dixi3

92 547 164 590 sed
198 544 440 585 dicendum
468 543 585 584 idem
616 543 728 585 illud
763 544 912 600 paullo
939 544 1117 586 uberius
1137 545 1260 588 vide-

85 598 214 658 tur3)
263 600 394 656 plena
431 599 699 655 gaudiorum
732 606 848 640 sunt.
926 598 999 640 Ex
1026 601 1259 656 perpetuis

89 667 240 702 autem
284 655 517 712 plenisque
559 654 732 710 gaudiis
776 669 916 710 quum
965 657 1255 711 perspicuum

89 715 144 756 sit
163 715 300 756 vitam
320 713 493 753 beatam
512 711 750 766 exsistere,
779 711 1006 766 sequitur,
1035 719 1087 753 ut
1107 726 1159 754 ea
1178 726 1258 754 ex·

82 771 216 814 -sistat
238 783 297 812 ex
319 768 563 810 honestate.

231 879 414 925 XXIV.
473 880 561 922 Sed
594 894 651 922 ne
690 876 836 922 verbis
879 877 1028 924 solum
1065 882 1261 940 attingas

88 955 190 985 mus
219 954 295 992 ea,
331 952 443 995 quae
473 936 678 980 volumus
703 937 963 991 ostendere,
998 951 1260 994 proponen-

91 998 146 1041 da
184 995 399 1053 quaedam
438 993 561 1050 quasi
596 993 821 1034 moventia
859 1000 985 1048 sunt,
1031 1008 1146 1050 quae
1174 1008 1258 1037 nos

89 1057 232 1109 magis
268 1052 320 1092 ad
350 1049 656 1106 cognitionem
682 1049 1117 1106 intelligentiamque
1151 1065 1259 1093 con—

90 1115 283 1155 vertant.
358 1107 573 1147 Sumatur
602 1105 722 1147 enim
751 1104 880 1146 nobis
908 1105 1089 1162 quidam
1127 1116 1259 1162 prae-

89 1175 212 1210 stans
239 1164 307 1204 vir
332 1163 514 1218 optimis
533 1161 725 1213 arti-bus,
762 1160 886 1217 isque
905 1162 1056 1202 animo
1073 1176 1259 1217 parum-

90 1239 172 1281 per
199 1229 243 1263 et
269 1218 539 1275 cogitatione
564 1216 770 1272 fingatur.
838 1216 1044 1258 Primum
1070 1218 1256 1271 ingenio

91 1279 258 1322 eximio
285 1277 340 1316 sit
371 1288 547 1316 necesse
576 1280 668 1325 θεῖς
711 1271 851 1314 tardis
881 1272 1001 1314 enim
1024 1271 1258 1315 m‘entibus

89 1337 227 1379 virtus
256 1347 345 1374 non
375 1331 504 1372 facile
521 1327 783 1379 comitatum
822 1328 982 1370 deinde
1001 1329 1054 1370 ad
1078 1329 1261 1371 investi·-

91 1391 285 1448 gandam
301 1389 536 1430 veritatem
555 1386 704 1427 studio
721 1384 922 1426 incitato.
979 1385 1052 1426 Ex
1070 1399 1161 1441 quo
1178 1385 1260 1428 tri·-

92 1448 202 1505 plex
227 1446 304 1487 iile
335 1442 473 1486 animi
497 1442 616 1483 fetus
645 1441 852 1483 exsistet:
891 1455 1007 1481 unus
1036 1441 1083 1482 in
1105 1438 1261 1497 cogni&-

91 1505 215 1546 tione
241 1513 390 1542 rerum
421 1498 621 1554 positus,
656 1504 702 1538 et
727 1495 774 1538 in
806 1495 1108 1553 explicatione
1130 1504 1261 1539 natu-

89 1573 190 1605 rae:
235 1557 351 1598 alter
387 1555 433 1596 in
461 1553 763 1609 descriptione
794 1552 1148 1607 expetendarum
1188 1553 1263 1595 su-

89 1615 408 1671 giendarumve
425 1624 601 1664 rerum3
635 1609 792 1651 tertius
808 1609 859 1650 in
875 1607 1134 1664 iudicando,
1151 1608 1262 1665 quid

90 1671 251 1728 cuique
272 1668 339 1710 rei
359 1668 416 1709 sit
436 1679 735 1721 consequens,
766 1664 876 1720 quid
893 1677 1175 1720 repugnans3
1209 1665 1259 1707 in

91 1743 180 1784 quo
200 1727 314 1768 inest
335 1723 482 1765 omnis
501 1728 600 1764 tum
620 1720 841 1762 subtilitas
858 1720 1130 1776 disserendi,
1158 1729 1260 1769 tum

89 1783 253 1828 veritas
283 1778 527 1822 iudicandi.
590 1777 696 1830 Quo
721 1776 901 1818 tandem
930 1775 1071 1831 igitur
1094 1775 1259 1831 gaudio

89 1838 208 1881 'affici
234 1849 413 1880 necesse
441 1843 508 1877 est
543 1833 755 1891 sapientis
786 1830 1014 1885 animum,
1054 1845 1157 1875 cum
1188 1832 1261 1875 his

89 1892 368 1938 habitantem
413 1896 844 1949 pernoctantemque
884 1882 1040 1930 curis?
1116 1889 1204 1944 Ut,
1236 1885 1258 1920 ί

93 1965 234 2008 quum
251 1949 390 1992 totius
407 1947 569 1991 mundi
577 1954 727 1989 motus
738 1944 1140 2004 conversionesque
1157 1959 1262 2003 per,-

143 2145 447 2192 1)Particulam
484 2152 526 2178 ut
562 2153 660 2189 quae
697 2139 807 2177 abest
842 2140 930 2181 cod.
957 2136 1070 2183 Med,
1101 2150 1261 2177 auctore

97 2192 274 2228 Remeato
294 2194 458 2228 resecuit
475 2189 687 2227 Davisius.
