1503 2584
561 125 848 163 PAumoxA.
1226 133 1293 181 ³⁴¹

126 240 220 272 non
244 223 361 268 liber
387 235 480 266 esse
502 220 615 264 vult.
685 219 869 278 Quibus
899 230 945 261 ec
969 233 1219 276 possumus
1245 233 1294 273 ec

128 283 364 327 debemus.
429 278 529 321 Nos
557 291 665 320 vero
726 275 946 332 siquidem
970 276 1124 318 animo
1146 277 1299 321 excel.

125 354 174 382 so
214 345 259 380 et
293 335 385 378 alto
432 341 477 375 et
513 308 757 376 virtutilms
797 339 1070 403 exaggerato
1116 347 1296 390 sumus,

126 409 212 437 nec
235 390 472 446 debemus,
503 403 587 433 nec
645 402 865 431 ossumus.
930 388 962 429 Γ
968 403 995 430 u
1015 402 1145 444 posse
1164 397 1208 433 te
1229 390 1299 433 di-

125 450 240 504 cito,
277 447 492 503 quoniam
550 445 595 488 ui
629 459 700 487 em
718 451 872 501 potes:
911 444 1072 487 debere
1092 461 1150 488 ne
1167 446 1298 489 dixe-

123 507 210 561 ris3
246 503 461 561 quoniam
482 461 598 544 nilxil
619 501 853 558 quisquam
875 500 1029 556 debet,
1068 501 1153 544 nisi
1174 503 1297 559 quod

125 561 193 604 est
225 567 359 614 turpe
395 574 489 602 non
525 557 727 600 reddere.
785 556 873 598 Sed
914 556 1024 598 haec
1064 557 1296 602 hactenus.

123 617 204 661 Ille
238 615 411 669 videat,
457 612 688 670 quomodo
721 612 973 667 imperator
1006 627 1098 654 esse
1138 616 1296 670 possit:

123 686 267 730 quum
294 686 399 713 eum
430 684 486 712 ne
512 669 711 710 liberum
734 669 918 724 quidem
949 682 1044 711 esse
1072 671 1213 727 ratio,
1253 681 1299 716 et

122 727 285 772 veritas
305 726 401 785 ipsa
419 725 674 769 convincat.

389 969 883 1015 PARADOXON
940 971 1031 1015 VI.

412 1051 512 1092 ‘'Ort
539 1053 641 1101 μένος
660 1052 678 1091 o‘
697 1055 805 1101 σσφδς
822 1055 998 1096 φιλούσης.

342 1112 484 1151 Solum
517 1114 745 1164 sapientem
772 1127 858 1151 esse
891 1113 1076 1151 divitem.

697 1219 733 1262 I.

125 1290 274 1370 Quae
303 1318 370 1353 est
393 1311 478 1354 ista
506 1310 556 1352 in
587 1311 984 1353 commemoranda
1007 1313 1199 1370 pecunia
1223 1321 1302 1360 tua

123 1375 217 1409 tam
249 1367 451 1410 insolens
481 1362 758 1410 ostentatio?
785 1376 799 1400 1
850 1367 1031 1411 solusne
1060 1377 1114 1411 tu
1144 1368 1303 1416 dives?

123 1424 215 1466 Pro
250 1423 312 1466 dii
350 1419 651 1465 immortales!
699 1437 841 1479 egone
872 1439 945 1466 me
975 1425 1194 1469 audivisse
1223 1429 1304 1472 ali-

124 1479 233 1537 quid
259 1485 303 1521 et
330 1479 538 1521 didicisse
571 1495 664 1522 non
693 1476 953 1536 gaudeam?
1011 1481 1202 1527 Solusne
1236 1485 1303 1529 di-

123 1530 237 1578 ves?
263 1534 411 1590 Quid,
438 1535 473 1576 si
498 1549 555 1576 ne
578 1535 700 1578 dives
721 1531 939 1592 quidem?
971 1537 1104 1593 quid,
1126 1541 1168 1581 'si
1189 1556 1303 1599 pau-

123 1607 208 1650 per
228 1587 401 1634 etiam?
445 1591 592 1644 Quem
613 1592 736 1634 enim
755 1592 1054 1648 intelligimus
1076 1594 1261 1639 divitem
1276 1593 1303 1642 ’ἓ

123 1655 200 1691 aut
245 1647 332 1689 hoc
372 1647 563 1690 verbum
605 1649 654 1690 in
688 1662 776 1705 quo
818 1649 1005 1691 homine
1050 1649 1300 1707 ponimus?

125 1703 308 1760 opinor
323 1704 372 1746 in
394 1717 472 1757 e0,
500 1705 572 1745 cui
592 1711 718 1746 tanta
738 1705 958 1760 possessio
983 1713 1072 1761 est,
1100 1716 1152 1750 ut
1170 1709 1227 1752 ad
1246 1710 1302 1754 li-

125 1759 341 1802 beraliter
360 1759 603 1802 vivendum
619 1759 751 1802 facile
772 1768 1011 1803 contentus
1031 1764 1113 1807 sit:
1140 1767 1216 1823 qui
1232 1767 1303 1810 ni-

123 1815 190 1858 hil
211 1823 413 1872 quaerat,
442 1815 557 1858 nihil
575 1823 776 1873 appetat,
808 1816 925 1859 nihil
945 1825 1071 1874 optet
1091 1822 1300 1880 amplius.

125 1873 319 1914 Animus
343 1878 527 1929 oportet
543 1880 646 1914 tuus
666 1886 712 1914 se
733 1872 904 1915 iudicet
926 1880 948 1903 ²
971 1875 1173 1933 divitem,
1205 1894 1299 1924 non

127 1927 366 1970 hominum
385 1942 556 1984 sermo,
586 1943 732 1986 neque
755 1930 1053 1984 possessiones
1075 1941 1204 1978 tuae:
1232 1937 1303 1980 ni-

236 2061 244 2081 1

165 2111 217 2165 ,1)
244 2111 356 2145 Recte
375 2112 584 2148 Weczelius
603 2117 750 2148 monuit
762 2112 826 2147 hic
839 2115 896 2148 M.
914 2115 1091 2151 craesum
1111 2119 1219 2154 illum
1241 2119 1303 2157 di..

129 2167 258 2192 vuum
277 2163 459 2198 spectari.

176 2203 219 2248 2)
248 2202 392 2257 Gmpv.
418 2217 437 2238 e
461 2202 548 2239 cod.
569 2203 675 2240 Piala.
696 2213 735 2240 te
753 2205 907 2244 iudicet·
