1503 2584
513 128 908 167 rnomoomm.
1130 131 1133 134 ’
1269 138 1288 177 7

130 235 202 268 aut
226 241 389 267 manere
419 227 578 266 animos
605 234 700 280 post
727 233 921 274 mortem,
957 232 1030 266 aut
1047 232 1179 267 morte
1194 228 1284 280 ipsa

128 286 319 333 interire,
358 285 551 336 quoniam
581 284 744 322 auditor
770 290 1047 333 concesserat,
1081 285 1114 322 si
1139 297 1283 322 mane-—

128 348 222 388 ant,
262 341 397 378 b‹·atos
424 354 528 387 esse,
569 341 750 392 primum
768 339 914 377 docere
932 340 1167 391 aggreditur
1188 341 1281 379 ani-a

126 409 214 434 mos
232 403 323 447 post
342 403 512 434 mortem
532 409 717 444 manere,
743 410 773 434 s.
792 396 1042 433 immortales
1061 409 1146 433 esse
1164 409 1197 434 c.
1217 410 1232 435 1
1246 409 1282 436 1·-

126 450 174 490 lu
203 466 282 502 quo
298 453 445 503 -primo
473 454 564 490 loco
592 454 726 491 utitur
753 452 996 490 auctoritate
1023 452 1281 503 antiquitatis

125 520 160 545 c.
188 520 247 546 12.
266 509 326 546 13.
347 509 494 547 deinde
508 510 732 547 maximum
752 514 1040 558 argumentum
1058 521 1145 546 esse
1163 507 1280 560 dicit,⁴

125 570 313 602 naturam
341 565 471 616 ipsam
501 566 550 602 de
578 563 887 602 immortalitate
913 564 1146 602 animorum
1175 564 1279 602 taci-

124 624 208 657 tam
226 621 431 669 iudicare,
470 621 578 672 quod
598 620 787 658 omnibus
808 633 930 657 curae
950 620 1054 668 sint,
1085 626 1126 657 et
1143 619 1280 658 maxi-⁶

106 689 213 725 &mae
232 676 394 727 quidem
407 707 417 725 ,
446 690 549 728 quae
570 683 662 729 post
680 682 854 715 mortem
875 677 1017 715 sutura
1034 676 1129 713 sint.
1159 691 1192 713 c.
1218 676 1281 714 14.

128 731 337 782 15.itaquc
350 747 549 771 consensu
570 734 781 772 nationum
801 732 984 772 omnium
1008 746 1080 770 nos
1102 734 1281 771 arbitra-

124 787 162 826 ri
191 789 348 826 animos
374 802 637 840 permanere3
676 784 827 840 quain
853 788 946 826 sede
967 796 1280 840 maneantqua-

122 843 261 896 lesque
287 845 371 882 sint
400 847 559 883 ratione
580 844 820 883 discendum
848 857 945 881 esse.
1004 843 1130 882 Cuius
1159 845 1280 896 igno-

121 904 325 938 rationem
362 901 532 940 finxisse
566 902 726 939 fabulas
763 901 854 938 illas
887 901 1083 939 de'statu
1118 898 1279 938 infero*

120 968 238 1004 rum;
271 956 615 1008 philosophorum
643 964 778 995 autem
807 957 994 996 doctrina
1015 957 1112 995 inde
1130 971 1154 994 a
1172 955 1282 994 Phe-—

121 1012 271 1063 recyde
313 1019 354 1050 et
383 1013 616 1065 Pythagora
642 1013 722 1051 hoc
749 1013 939 1051 effectum
966 1026 1074 1060 esse,
1119 1012 1280 1051 animos

121 1079 247 1116 quum
275 1082 295 1105 e
318 1082 490 1119 corpore
520 1070 792 1115 excesserint,
826 1069 913 1106 sive
932 1069 994 1109 illi
1014 1069 1099 1107 siut
1118 1068 1280 1107 anima-'=

120 1123 200 1170 les,
240 1124 266 1161 i.
295 1138 328 1162 e.
356 1125 594 1175 spirabiles,
632 1125 710 1162 sivi
739 1125 871 1177 ignei,
904 1125 991 1164 sive
1026 1137 1079 1162 ex
1111 1124 1278 1164 inflam-¹

121 1185 229 1217 mata
249 1180 385 1217 anima
412 1177 671 1230 (Feuerlust)
695 1187 902 1229 constent,
933 1181 978 1218 in
997 1180 1171 1220 sublime
1191 1181 1278 1218 ser-

119 1236 168 1272 ri.
199 1249 231 1272 c.
258 1236 305 1273 16
327 1254 382 1261 —-
407 1235 468 1273 18.
527 1235 573 1273 ld
599 1236 762 1273 facilius
790 1236 914 1274 etiam
931 1236 1110 1287 intelligi
1132 1249 1186 1274 ex
1210 1249 1278 1284 eo,

118 1291 228 1339 quod
247 1290 354 1328 nihil
372 1291 427 1328 sit
442 1291 581 1330 animo
600 1291 805 1338 velocium
833 1291 973 1341 itaque
994 1304 1089 1329 eum
1108 1304 1235 1344 quum
1254 1300 1277 1328 e

118 1359 290 1397 corpore
319 1347 567 1394 discesserit,
603 1348 743 1384 statim
773 1346 826 1387 ad
852 1347 1110 1398 superiorem
1138 1348 1276 1401 regio-

118 1415 212 1439 nem
229 1402 423 1450 evadere,
452 1402 605 1442 iunctis
628 1415 681 1440 ex
705 1403 842 1441 anima
859 1403 976 1442 tenui
994 1409 1037 1440 et
1055 1415 1108 1441 ex
1127 1403 1276 1441 ardore

118 1459 215 1496 solis
242 1464 468 1509 temperato
502 1459 666 1510 ignibus
692 1458 904 1507 insistere,
949 1464 1121 1510 tumque
1149 1459 1276 1497 finem

118 1514 239 1552 altius
269 1528 311 1552 se
335 1513 530 1552 efferendi
557 1515 704 1554 facere.
759 1513 812 1552 Et
832 1515 875 1552 in
896 1515 974 1555 hac
992 1514 1158 1566 quidem
1179 1515 1274 1552 sede

118 1570 299 1608 animum
318 1576 591 1609 sustentatum
607 1571 662 1608 iri
679 1570 823 1611 iisdem
840 1571 977 1619 rebus,
998 1571 1146 1622 quibus
1165 1577 1275 1609 astra

115 1632 398 1664 sustententur
424 1632 466 1663 et
490 1626 667 1665 alantur.
724 1626 865 1680 ltaque
894 1628 1033 1665 beatos
1059 1640 1134 1664 nos
1161 1627 1275 1675 sore,

117 1695 246 1733 quum
264 1682 505 1734 corporibus
524 1682 693 1728 relictis,
719 1689 761 1720 et
779 1682 1051 1735 cupiditatum
1072 1688 1112 1721 et
1131 1691 1276 1723 aemu⁴

116 1737 319 1776 lationum
345 1738 479 1776 futuri
506 1739 633 1777 simus
654 1744 866 1790 expertes,
904 1744 1094 1790 totosque
1124 1753 1198 1778 nos
1226 1738 1271 1776 in'

119 1793 448 1846 contemplandis
487 1795 608 1833 rebus
654 1794 1030 1847 peispiciendisque
1064 1793 1274 1847 posituri,

116 1850 358 1901 praesertim
376 1864 503 1902 quum
523 1864 618 1888 orae
636 1851 747 1902 ipsae
767 1851 953 1890 locorum
971 1851 1160 1899 illorum,
1188 1863 1272 1902 quo

116 1907 447 1958 pelveneriumS,
485 1920 564 1957 quo
591 1907 820 1945 faciliorem
846 1906 966 1945 nobis
995 1906 1270 1959 cognitionem

119 1977 257 2001 rerum
289 1963 544 2010 caelestium,
581 1976 628 2000 eo
647 1963 843 2002 maiorem
863 1961 1132 2014 cognoscendi
1151 1962 1270 2015 cupi-

118 2017 288 2057 ditatem
313 2019 397 2056 sint
421 2019 632 2057 allaturae.
695 2018 877 2057 Omnino
903 2025 1036 2056 autem
1055 2032 1128 2056 nos
1147 2024 1271 2056 natu⁴

119 2088 187 2113 rae
206 2075 404 2114 miracula
421 2081 510 2112 tum
521 2076 652 2113 multo
667 2075 840 2128 puriora-
855 2081 896 2113 et
908 2074 1155 2113 dilucidiora
1173 2087 1271 2127 per-‘-

121 2138 352 2184 specturOS‚
387 2143 513 2182 quum
541 2131 593 2169 ad
618 2144 665 2168 ea
690 2131 911 2182 spectanda
927 2130 1033 2168 liber
1052 2131 1213 2169 animus
1231 2135 1271 2169 et

121 2201 294 2239 corpore
309 2187 469 2227 solutus
488 2187 737 2240 pervenerit.
794 2186 963 2227 Frustra
977 2186 1104 2239 igitur
1121 2186 1274 2239 Epicu«⁴
