1503 2584
510 124 797 166 PARADOXA'.
1168 133 1237 170 335

71 234 216 278 neque
236 232 385 263 meum
407 226 496 272 est,
535 233 680 276 neque
701 220 986 275 cuiusquam,
1019 217 1139 276 quod
1162 232 1241 262 au-

69 278 208 331 ferri,
245 276 363 332 quod
387 274 526 330 eripi,
563 275 682 330 quod
703 275 849 317 amitti
871 282 1030 331 potest.
1089 277 1134 317 Si
1158 277 1242 319 mi-

69 333 121 375 hi
149 331 381 389 eripuisses
409 330 608 372 divinam
638 331 778 372 animi
805 331 892 372 mei
915 332 1241 388 constantiam,

69 403 191 431 meas
213 401 364 440 curae,
402 386 603 442 vigiliam,
634 386 844 440 consilia,
883 387 1044 443 quibus
1065 402 1133 429 res
1155 404 1241 444 pu-

70 445 184 487 blica
207 453 250 486 te
268 443 536 485 invitissimo
557 451 666 495 stat3
704 442 740 485 si
761 443 894 484 huius
916 445 1083 485 aeterni
1108 444 1243 487 bene-

69 501 161 544 ficii
179 500 484 542 immortalem
504 500 774 540 memoriam
793 498 1055 555 delevisses3
1093 502 1241 543 multo

69 558 203 600 etiam
230 555 372 610 magis
396 556 432 596 si
455 555 582 596 illam
610 563 835 609 mentem,
865 556 984 596 unde
1005 556 1114 597 haee
1133 572 1244 598 con-

70 615 166 656 silia
185 619 444 664 manarunt,
470 609 583 651 mihi
605 610 867 666 eripuisses:
900 618 996 651 tum
1015 626 1097 667 ego
1118 627 1245 653 acce-

103 670 186 710 isse
204 681 279 710 me
297 666 539 708 confiterer
556 665 784 706 iniuriam.
841 665 928 706 Sed
959 666 994 706 si
1023 666 1130 709 haec
1155 684 1240 710 neo

68 685 239 779 fecisti,
280 737 364 765 nec
383 721 528 763 facere
547 721 759 776 potuisti:
792 720 991 762 reditum
1013 723 1125 765 mihi
1145 723 1244 778 glo-

68 781 242 823 riosum
275 777 442 821 iniuria
472 785 549 818 tua
573 776 720 832 dedit,
751 791 844 818 non
864 777 1038 818 exitum
1060 780 1245 822 calami-

69 844 232 879 tosum.
288 834 415 889 Ergo
435 846 518 888 ego
541 846 722 888 semper
745 833 878 885 civis3
915 841 959 874 et
976 841 1074 876 tum
1094 838 1245 877 maxi-

69 908 167 948 me,
205 905 346 948 quum
375 904 522 931 meam
548 889 739 930 salutem
767 897 946 931 senatus
977 893 1143 933 exteris
1165 909 1247 935 na-

70 947 296 1002 tionibus,
323 952 375 986 ut
395 946 503 987 civis
524 945 710 1002 optimi,
732 954 745 978 ¹
775 948 1146 1000 commendabaL3
1177 957 1244 1006 tu,

71 1019 132 1049 ne
158 1017 280 1047 nunc
311 1001 515 1058 quidem:
549 1002 639 1044 nisi
665 1000 783 1043 forte
811 1001 932 1042 idem
962 1017 1053 1043 esse
1077 1004 1244 1063 hostis,

73 1070 119 1104 et
147 1059 253 1101 civis
284 1065 447 1115 potest.
511 1060 585 1100 An
613 1064 665 1098 tu
694 1058 837 1099 civem
862 1058 915 1098 ab
938 1057 1067 1106 hoste
1080 1070 1245 1105 natura

73 1131 124 1159 ac
146 1116 275 1170 loco,
300 1127 391 1156 non
412 1114 563 1156 animo
589 1113 807 1170 factisque
828 1110 1101 1170 distinguis?
1132 1117 1246 1159 Cae-

76 1173 178 1214 dem
195 1172 243 1213 in
261 1171 363 1213 foro
383 1170 554 1226 fecisti3
593 1170 775 1212 armatis
793 1169 1048 1212 latronibus
1073 1176 1246 1229 templa

74 1228 287 1283 tenuisti3
322 1227 607 1284 privatorum
634 1225 816 1281 domos,
857 1227 988 1268 aedes
1011 1243 1157 1271 sacras
1176 1231 1248 1272 in-

75 1284 280 1329 cendisti.
353 1283 450 1325 Cur
477 1282 616 1325 hostis
644 1282 909 1338 Spu-taem,
953 1282 988 1325 si
1017 1290 1068 1324 tu
1099 1283 1245 1329 civis?

75 1348 204 1401 potes
235 1348 388 1382 autem
415 1354 507 1382 esse
534 1346 585 1380 tu
613 1339 746 1395 civis,
785 1347 973 1395 propter
1003 1355 1136 1397 quem
1165 1344 1246 1385 ali-

75 1397 256 1456 quando
277 1396 429 1438 civitas
448 1411 542 1438 non
560 1395 675 1441 fuit?
713 1404 756 1438 et
771 1410 843 1436 me
864 1402 942 1436 tuo
961 1397 1144 1439 nomine
1165 1414 1246 1456 ap-

81 1453 245 1512 pellas,
292 1467 432 1508 quum
468 1466 624 1494 omnes
660 1467 764 1494 meo
794 1452 990 1494 discessu
1019 1455 1246 1499 exsulasse

76 1526 176 1554 rem
214 1508 441 1566 publicam
474 1503 671 1564 putent?
718 1508 1064 1565 Numquamne,
1105 1511 1247 1557 homo
1272 1524 1273 1527 ’

78 1565 402 1619 amentissime,
431 1572 476 1606 te
493 1559 862 1619 circumspicies?
893 1579 1139 1622 nunquam,
1160 1583 1245 1611 nec

78 1622 188 1680 quid
206 1615 427 1678 loquare?
486 1621 670 1676 Nescis,
699 1621 907 1663 exsilium
928 1622 1154 1665 scelerum
1177 1640 1247 1668 es..

77 1695 122 1721 se
150 1671 379 1737 poenam?
425 1691 580 1719 meum
606 1677 719 1719 illud
748 1677 834 1719 iter
862 1678 920 1718 ob
943 1679 1247 1734 praeclarissi-

76 1750 174 1778 mas
200 1748 271 1776 res
300 1748 326 1774 a
352 1747 425 1776 me
443 1742 585 1789 gestas
605 1748 697 1776 esse
716 1742 973 1791 susceptum
987 1729 1012 1777 ?
1071 1736 1247 1779 Omnes

77 1789 310 1843 scelerati,
348 1797 479 1846 atque
508 1789 665 1847 impii,
711 1804 906 1847 quornm
931 1798 981 1832 tu
1009 1799 1053 1834 te
1081 1793 1245 1837 ducem

78 1862 171 1900 esse
223 1845 442 1901 rofiteris,
476 1861 588 1903 quos
613 1847 734 1903 leges
757 1847 915 1889 exsilio
935 1846 1050 1889 affici
1070 1850 1245 1908 volunt,

82 1917 190 1945 exsu
214 1918 256 1944 es
284 1906 414 1956 sunt,
461 1903 597 1945 etiam
625 1904 662 1945 si
689 1903 837 1946 solum
873 1919 965 1945 non
1001 1914 1246 1949 mutarunt.

83 1960 163 2001 An
182 1973 322 2015 quum
339 1971 493 2000 omnes
512 1958 635 2016 leges
654 1968 697 2002 te
717 1960 918 2002 exsulem
938 1974 1030 2003 esse
1048 1962 1246 2019 iubeant,

133 2153 171 2200 ι)
202 2151 370 2199 Longius
398 2153 531 2188 abesse
558 2155 727 2192 malebat
754 2157 987 2203 particulam
1017 2166 1077 2199 ut,
1112 2161 1152 2195 in
1173 2161 1247 2197 alsa

84 2209 176 2246 quoe
198 2198 311 2234 codd.
332 2201 430 2234 ΜΝ.
452 2205 648 2236 omissam.
