1503 2584
342 134 485 171 LIBER
520 132 719 170 PRIMUS.
770 132 875 168 CAP.
899 133 936 168 6.
964 145 998 181 7.
1206 135 1249 180 '41

95 232 304 285 miseros,
332 226 409 284 qui
427 227 509 269 ha‘c
530 227 630 269 luce
651 224 844 267 careant.
901 225 967 266 M.
993 226 1256 272 Revolveris

96 287 266 331 eodem.
342 284 444 326 Sint
481 283 600 324 enim
640 288 846 339 oportet,
891 281 927 323 si
956 281 1109 324 miseri
1136 292 1255 326 sunt.

96 343 170 384 Tu
190 349 339 383 autem
359 339 496 381 modo
512 339 704 394 negabas
724 353 799 380 eos
827 351 943 392 esse,
981 339 1059 394 qui
1085 341 1255 382 mortui

92 405 251 440 essent.
309 397 356 438 Si
375 396 516 451 igitur
534 410 626 436 non
644 402 771 448 sunt,
797 393 912 436 nihil
931 402 1120 450 possunt
1138 409 1257 450 esse;

92 455 153 496 ita
182 468 238 494 ne
266 452 417 494 miseri
444 451 638 507 quidem.
673 461 678 476 ¹
737 451 795 492 A.
821 450 930 492 Non
949 450 1047 492 dieo
1067 450 1254 494 fortasse

93 509 254 565 etiam,
302 507 423 564 quod
452 507 612 548 sentio.
677 506 797 549 Nam
816 506 933 547 istud
952 506 1122 563 ipsum,
1158 523 1254 550 non

93 578 210 619 esse,
264 578 407 620 quum
444 561 603 616 fueris,
647 562 955 604 miserrimum
996 572 1121 619 puto.
1188 563 1256 606 M.

93 620 216 672 Quid
227 615 256 664 ’.ἶ
278 620 498 671 miserius,
520 634 653 676 quam
677 619 863 660 omnino
881 633 1129 675 numquam
1145 619 1257 662 fuis-

91 672 176 719 se?
218 676 314 730 lta,
345 676 423 733 qui
449 675 654 717 nondum
688 673 783 717 nati
812 683 937 729 sunt,
977 675 1129 717 miseri
1163 677 1255 718 iam

25 772 30 775 ,
91 741 221 788 sunt,
251 733 353 796 quia
372 747 466 774 non
484 739 610 773 sunt:
651 737 696 771 et
717 744 799 772 nos
819 730 930 786 ipsi,
957 731 1116 795 sipost
1135 746 1257 773 mor-

91 795 187 830 tem
214 789 369 830 miseri
396 788 536 829 futuri
566 800 745 840 sumus,
781 786 932 830 miseri
950 786 1142 843 su1mUS‚
1178 803 1258 830 au·-

91 853 273 901 tequam
313 845 420 886 nati.
492 843 591 900 Ego
624 849 773 885 autem
810 858 904 885 non
942 845 1257 900 commemini,

92 908 335 958 antequam
374 916 475 943 sum
510 906 667 954 natus,
714 913 788 941 me
822 898 1052 942 miserum.
1118 900 1192 941 Tu
1219 902 1257 946 si

91 957 281 999 meliore
318 956 533 999 memoria
560 970 630 1008 es,
667 954 804 997 velim
832 955 970 1012 scire,
1014 956 1174 1013 ecquid
1202 957 1263 1000 de

70 1020 140 1055 -vte
165 1014 419 1056 recordere.
450 1018 471 1041 2
530 1012 586 1054 A.
616 1012 682 1054 Ita
710 1012 895 1066 iocaris,
934 1011 1059 1068 quasi
1089 1027 1170 1068 ego
1192 1014 1259 1055 di-

94 1083 228 1123 cam,
257 1083 331 1111 eos
359 1069 565 1122 miseros,
603 1068 688 1124 qui.
706 1067 802 1109 nati
823 1082 916 1109 non
935 1075 1063 1124 sunt,
1100 1075 1144 1109 et
1162 1085 1258 1112 non

93 1138 195 1181 eos,
218 1131 235 1158 3
277 1125 357 1182 qui
385 1124 551 1167 mortui
573 1132 687 1166 sunt.
745 1124 812 1166 Μ.
840 1122 950 1167 Esse
969 1139 1077 1181 ergo
1096 1139 1170 1166 eos
1191 1125 1260 1166 di-

91 1181 169 1222 cis.
216 1182 282 1246 ·A.
300 1181 472 1235 Immo,
511 1180 616 1237 quia
632 1195 727 1222 uon
744 1186 872 1236 sunt,
901 1194 1041 1237 quum
1058 1179 1258 1237 fuerint,

89 1250 145 1280 eo
162 1251 351 1279 miseros
370 1252 478 1280 esse.

231 1348 337 1392 VII.
394 1348 460 1391 M.
489 1348 743 1404 Pugnantia
770 1354 816 1390 te
844 1347 971 1405 loqui
988 1363 1081 1392 non
1097 1347 1257 1394 vides?

91 1405 200 1462 quid
229 1406 349 1448 enim
378 1414 472 1448 tam
507 1411 700 1461 pugnat,
741 1419 876 1461 quam
903 1420 996 1447 non
1016 1407 1152 1448 modo
1171 1408 1261 1450 mi·

90 1477 265 1516 serum,
303 1462 381 1504 sed
409 1461 596 1503 omnino
625 1461 869 1518 quidquam
900 1476 1017 1514 esse,
1055 1465 1131 1518 qui
1163 1478 1258 1506 non

88 1513 182 1560 sit?
218 1517 294 1560 An
314 1527 364 1559 tu
385 1532 586 1574 egressus
615 1525 746 1571 porta
769 1517 974 1574 Capena,
1010 1534 1150 1574 quum
1175 1519 1259 1562 Ca-

84 1574 243 1629 latini,
272 1574 563 1630 Scipionum,
601 1573 920 1627 Serviliorum,
959 1574 1258 1618 Metellorum

88 1631 301 1685 sepulcra
323 1628 471 1684 vides,
497 1632 684 1671 miseros
703 1637 833 1685 putas
852 1625 994 1672 illos?
1052 1631 1107 1673 A.
1133 1632 1260 1689 Quo-

38 1709 40 1713 ·
89 1686 215 1728 niam
233 1701 305 1728 me
324 1685 461 1729 verbo
478 1685 663 1743 premis,
689 1685 875 1742 posthac
897 1701 989 1728 non
1007 1686 1066 1728 ita
1091 1687 1256 1739 dicam,

90 1745 288 1786 miseros
326 1758 450 1790 esse,
491 1743 569 1785 sed
606 1748 805 1796 tautum,
849 1745 1071 1790 miseros,
1124 1744 1180 1786 ob
1209 1745 1257 1787 id

87 1798 264 1855 ipsum,
305 1799 411 1854 quia
440 1813 534 1841 non
560 1806 678 1840 sunt.
734 1798 801 1839 M.
833 1797 944 1840 Non
967 1799 1078 1842 dicis
1096 1800 1259 1857 igitur,

91 1857 234 1899 miser
253 1867 322 1898 esc
341 1856 407 1899 M.
433 1856 656 1901 Crassus,
694 1854 772 1897 sed
790 1862 966 1898 tantum
978 1887 991 1908 ‚
1029 1858 1170 1900 miser
1187 1857 1257 1901 M.

141 1980 178 2025 ι)
206 1980 330 2026 Vulgo
369 1983 462 2017 olim
492 1980 714 2015 addebatur
741 1989 837 2020 nunt.
893 1979 945 2014 Id
973 1982 1185 2021 Bentleius.
1221 1993 1261 2019 ec

92 2025 290 2060 Emensus
319 2026 527 2062 delendum
557 2038 795 2066 censuerunt,
831 2027 967 2074 quibus
995 2040 1079 2062 cum
1113 2027 1258 2075 Wolfio

94 2071 290 2106 obsecutus
306 2087 406 2108 sum·

139 2121 178 2158 2)
205 2119 267 2152 Sic
285 2119 379 2153 Em.
404 2132 487 2155 cum
509 2118 597 2154 edd.
621 2120 722 2154 Iunc.
747 2120 841 2153 Atd.
895 2121 1018 2166 Vulgo
1045 2121 1258 2156 recordare.

134 2168 174 2216 3)
203 2163 264 2199 Sic
290 2165 387 2200 Em.
420 2178 440 2199 e
466 2168 564 2201 Mes.
596 2178 656 2212 ap.
686 2168 831 2201 Πανία.
879 2166 1005 2214 Vulgo
1030 2176 1068 2202 et
1094 2179 1172 2201 nou
1193 2178 1258 2203 eoa

91 2221 261 2244 minei-os.
