1503 2584
337 120 498 155 'LIBER
521 118 753 154 TERTIUS.
802 117 906 153 CAP.
937 125 996 164 ¹7·'
1190 128 1255 164 ³7·

228 212 382 259 XVII.
438 211 561 254 Nam
579 210 809 254 revocatio
828 209 931 264 illa,
958 209 1261 266 quam‘affert‚

92 286 232 331 quum
261 285 286 314 a
314 268 583 312 contuendis
612 282 696 309 nos
725 266 854 310 malis
882 271 1066 320 avocat,
1085 274 1099 299 ⁸
1128 265 1262 308 nulla

92 337 173 373 est.
229 327 336 368 Non
365 331 432 368 est
459 323 579 366 enim
609 324 659 366 in
687 330 842 366 nostra
867 327 1114 380 potestate,
1143 321 1264 364 fodi-

92 383 296 427 cantibus
321 382 377 424 iis
401 381 561 434 rebus,
599 395 708 438 quas
724 379 862 422 malas
881 393 974 421 esse
993 378 1263 435 opinemur,

89 438 387 483 dissimulatio
418 437 488 479 vel
517 436 698 480 oblivio.
773 436 1024 491 Lacerant,
1066 441 1260 489 vexant,

90 495 295 538 stimulos
314 494 582 550 admovent,
619 493 745 545 ignes
765 491 1006 545 adhibent,
1033 490 1264 548 respirare

85 564 184 594 non
212 551 380 593 sinunt.
440 550 501 593 Et
528 556 580 591 tu
608 549 809 592 oblivisci
835 548 983 604 iubes,
1013 548 1265 606 quodcon-

88 614 159 649 tra
181 614 389 649 naturam
408 613 497 660 est,
533 606 613 662 qui
634 620 659 646 a
679 612 842 647 natura
860 604 1014 647 datum
1035 604 1263 646 auxilium

88 671 360 720 extorqueas
378 661 616 705 inveterati
635 655 837 702 doloris?
850 668 871 689 2
894 661 977 702 Est
990 661 1112 702 enim
1130 659 1263 702 tarda

88 719 171 762 illa
191 719 375 776 quidem
395 718 635 772 medicina,
656 717 734 759 sed
752 724 904 759 tamen
925 732 1103 773 magna,
1120 731 1264 773 quam

82 775 220 818 affert
240 775 547 832 longinquitas
565 782 610 816 et
627 773 736 816 dies.
795 773 927 816 Iubes
953 788 1027 815 me
1051 773 1170 815 bona
1189 788 1267 815 co-

89 832 262 888 gitare,
299 832 504 874 oblivisci
529 830 770 873 malorum.
844 828 1029 872 Diceres
1066 830 1264 888 aliquid,

88 895 136 930 et
161 903 329 942 magno
355 887 540 945 quidem
569 885 846 944 philosopho
883 885 1097 942 dignum,
1141 887 1180 929 si
1211 903 1265 932 ea

90 944 212 986 bona
231 944 423 987 sentires
443 958 561 1001 esse,
589 957 703 1000 quae
721 950 868 985 essent
888 942 1072 985 homine
1095 944 1267 1001 dignis-

91 1000 218 1042 sima.
284 999 568 1057 Pythagoras
596 998 709 1042 mihi
736 999 772 1040 si
801 999 993 1053 diceret,
1022 1008 1035 1037 ι
1074 1008 1151 1043 aut
1180 1002 1265 1044 So-

85 1063 256 1111 crates,
284 1064 363 1098 aut
374 1055 526 1099 Plato:
555 1055 712 1112 „Quid
733 1050 884 1097 iaces?
915 1063 992 1098 aut
1014 1057 1123 1111 quid
1140 1073 1263 1100 mae-

86 1106 201 1154 res?
246 1119 325 1155 aut
360 1126 442 1154 cur
476 1111 730 1155 succumbis
772 1112 981 1170 cedisque
1016 1111 1265 1158 fortunae?

93 1183 208 1225 quae
235 1168 482 1226 pervellere
502 1176 546 1210 te
567 1167 760 1211 forsitan
794 1170 991 1224 potuerit
1020 1177 1065 1211 et
1126 1186 1266 1227 unge-

91 1237 166 1268 re:
212 1239 308 1268 non
340 1225 489 1283 potuit
516 1233 636 1268 certe
661 1224 778 1267 vires
805 1225 1026 1282 frangere.
1150 1243 1265 1283 agna

85 1281 160 1325 ‘vis
188 1289 254 1324 est
279 1281 329 1322 in
357 1281 623 1334 virtutibu53
664 1295 737 1322 eas
757 1281 929 1336 excita,
964 1283 1000 1324 si
1019 1280 1137 1324 forte
1161 1284 1266 1326 dor-

88 1337 258 1381 miunt.
286 1337 381 1379 Iam
401 1336 485 1379 tibi
504 1337 646 1379 aderit
662 1336 875 1393 princeps
894 1336 1132 1396 fortitudo,
1153 1355 1266 1396 quae

92 1399 140 1436 te
171 1395 322 1437 animo
352 1399 478 1435 tanto
509 1408 603 1434 esse
630 1401 784 1449 coget,
814 1396 836 1423 ⁴
864 1400 918 1435 ut
944 1395 1121 1451 omnia,
1151 1412 1265 1454 quae

129 1450 268 1493 ossint
285 1448 463 1492 homini
483 1449 689 1506 evenire,
715 1458 977 1493 contemnas
1005 1459 1052 1493 et
1083 1468 1168 1509 pro
1199 1454 1267 1496 ni-

90 1464 187 1548 {iilo
214 1512 358 1563 putes.
411 1505 578 1548 Aderit
603 1507 929 1563 temperantia,
997 1523 1080 1550 uae
1109 1518 1176 1552 est
1196 1525 1268 1552 ea-

92 1562 199 1604 dem
216 1562 498 1617 moderati03
527 1560 578 1620 (a
597 1576 669 1604 me
689 1562 872 1618 quidem
891 1579 980 1620 pau
1021 1580 1047 1607 ο
1067 1574 1169 1608 ante
1188 1581 1268 1622 ap-

92 1617 263 1676 pellata
290 1615 579 1676 frugalitas,)
607 1633 721 1675 quae
741 1626 786 1663 te
812 1620 1007 1674 turpiter
1037 1630 1082 1664 et
1108 1623 1267 1679 nequi-

93 1683 165 1718 ter
192 1674 340 1718 facere
368 1673 484 1717 nihil
507 1675 723 1739 patiatur.
783 1675 906 1728 Quid
934 1683 1000 1718 est
1019 1686 1172 1720 autem
1189 1695 1268 1721 ne-

93 1732 253 1788 quius,
290 1738 369 1773 aut
394 1737 573 1788 turpius
592 1730 860 1774 'effeminato
878 1729 1010 1775 viro?
1065 1750 1124 1777 ne
1141 1733 1267 1777 iusti-

95 1788 160 1830 tia
177 1788 359 1846 quidem
378 1787 497 1830 sinet
522 1795 567 1830 te
588 1787 674 1830 ista
699 1788 870 1831 facere:
918 1790 993 1831 cui
1018 1791 1266 1834 minimum

145 1971 185 2016 ι)
210 1970 410 2007 Emensus
431 1970 542 2007 dedic
565 1971 675 2007 affer·
694 1992 741 2000 -
761 1985 908 2008 avocas.

148 2018 190 2063 2)
217 2017 331 2052 Recte
349 2020 405 2053 sic
430 2016 596 2063 Wolfiua
617 2018 755 2054 edidit.
809 2021 932 2066 Vulgo
964 2022 1065 2069 quod
1093 2037 1114 2059 ε
1137 2035 1268 2061 natura

102 2062 227 2097 datum
248 2072 302 2098 eet
323 2063 511 2099 auxilium.
564 2065 750 2101 Gruterus
769 2077 853 2101 cum
882 2070 974 2104 aliis
994 2071 1079 2118 quia
1098 2084 1118 2107 a
1137 2082 1265 2110 natura

102 2108 227 2143 datum
247 2119 300 2144 est
319 2109 506 2145 auxilium.

145 2159 184 2196 3)
211 2155 272 2188 Sic
297 2156 419 2202 Wolf.
460 2156 586 2204 Vulgo
602 2156 672 2192 nic.

145 2205 183 2244 4)
210 2210 315 2249 cogat
333 2203 421 2238 sine
439 2215 559 2238 causa
584 2203 779 2251 rescripsit
796 2203 1012 2243 Ernesctus.
