1503 2584
334 105 476 158 unm
503 121 744 167 QmNTns.
793 120 899 158 car.
924 127 982 166 35.
1001 121 1064 166 361
1210 127 1283 171 309

115 214 193 271 lis,
231 213 360 257 ludis.
393 223 404 245 ¹
472 215 521 257 Si
550 215 646 272 quis
674 222 762 270 est,
799 214 874 272 qui
904 214 975 256 his
1004 215 1277 272 delectetur,

113 285 265 314 nonne
289 269 451 312 melius
470 278 626 313 tenues
648 271 852 313 homines
869 269 1109 326 fruuntur,
1138 285 1276 328 quam

112 327 205 383 illi,
234 325 308 383 qui
330 325 398 367 his
418 324 683 369 abundant?
712 326 794 369 Est
813 327 932 369 enim
952 340 1105 368 earum
1128 327 1276 369 omni-

111 397 190 425 um
226 396 376 424 rerum
409 382 456 424 in
486 383 776 424 nostra’urbe
804 397 979 425 summa
1013 382 1060 424 in
1087 382 1272 439 publico

111 437 256 494 copia.
331 438 459 489 Quae
489 439 564 494 qui
599 439 760 494 privati
783 444 805 465 ²
837 438 1029 492 habent,
1068 453 1151 481 nec
1177 445 1273 481 tam

110 494 283 548 multa,
321 501 365 535 et
392 509 495 536 raro
524 495 699 550 vident,
739 509 878 550 quum
905 495 951 536 in
980 509 1060 537 sua
1077 509 1182 536 rura
1197 508 1277 538 ve-

107 557 287 592 nerunt.
353 549 478 602 Quos
507 557 658 592 tamen
687 551 848 606 pungit
875 550 1069 607 aliquid,
1104 565 1272 607 quum,

105 605 183 647 illa
204 605 323 648 unde
344 605 562 661 habeant,
588 606 893 649 recordantur.
956 606 1060 648 Dies
1079 605 1273 661 deficiat,

104 661 139 703 ai
159 661 290 703 velim
309 661 588 718 paupertatis
607 674 786 702 causam
805 661 1058 703 defendere.
1116 663 1270 718 Aper-

105 723 147 758 ta
166 717 291 760 enim
308 731 376 759 res
399 724 485 769 est,
515 724 559 759 et
579 716 777 777 quotidie
797 730 878 758 nos
897 717 992 771 ipsa
1010 723 1171 759 natura
1194 717 1274 759 ad-

104 781 274 827 monet,
302 787 435 829 quam
454 773 624 831 paucis,
647 787 781 830 quam
799 773 951 830 parvis
970 772 1105 815 rebus
1126 780 1269 828 egeat,

101 843 237 886 quam
262 829 438 872 vilibus.

240 941 475 985 XXXVI.
531 940 658 983 Num
695 940 837 996 igitur
865 939 1150 1004 ignobilitaS,
1190 948 1270 984 aut

101 997 355 1051 humilitas,
403 1005 480 1042 aut
515 997 649 1040 etiam
688 997 921 1054 populans
966 996 1155 1039 offensio
1202 1011 1271 1039 sa-

99 1053 300 1109 pientem
339 1054 519 1095 beatum
555 1067 646 1095 esse
672 1048 969 1111 prohibebit?
1026 1052 1170 1110 Vide,
1207 1066 1267 1096 ne

96 1108 200 1164 plus
235 1109 567 1152 commendatio
606 1110 654 1151 in
685 1108 871 1165 vulguS‚
909 1115 955 1150 et
981 1108 1115 1165 haec,
1151 1122 1266 1169 quae

55 1172 64 1175 “
98 1164 351 1221 expetitur,
389 1165 534 1220 gloria
562 1164 792 1208 molestiae
819 1165 1006 1220 habeat,
1035 1180 1169 1224 quam
1189 1179 1268 1207 vo-

96 1220 297 1277 luptatis·
363 1221 609 1264 Leviculus
637 1236 742 1264 sane
768 1229 922 1264 noster
946 1221 962 1249 ³
996 1221 1269 1265 Demosthe-

95 1291 192 1332 nes,
220 1278 296 1334 qui
315 1277 396 1319 illo
411 1291 595 1319 susurro
615 1277 829 1320 delectari
848 1291 892 1318 se
912 1276 1086 1319 dicebat
1100 1291 1265 1335 aquam

96 1331 289 1375 ferentis
309 1333 630 1388 {mulierculae‚
671 1342 723 1376 ut
751 1347 848 1375 mos
873 1333 922 1376 in
950 1333 1141 1375 Graecia
1175 1341 1268 1389 est,

96 1389 505 1445 insusurrantisque
543 1389 699 1444 alteri,
746 1391 840 1434 Hic
870 1402 940 1432 esc
969 1391 1054 1432 ille
1084 1389 1266 1433 Demo·

98 1446 303 1488 sthenes.
355 1445 475 1497 Quid
504 1445 592 1488 hoe
618 1442 800 1488 levius?
856 1446 925 1487 At
951 1452 1144 1504 quantus
1168 1458 1268 1487 ora·

96 1496 207 1543 tor?
264 1501 354 1543 Sed
372 1502 494 1557 apud
513 1501 623 1544 alios
651 1501 777 1558 loqui
795 1500 1004 1544 videlicet
1021 1501 1265 1557 didicerat,

96 1571 191 1598 non
218 1557 418 1599 multum
453 1558 549 1613 ipse
583 1572 750 1599 secum.
814 1557 1167 1613 Intelligendum
1196 1565 1264 1600 est

93 1613 256 1669 igitur,
292 1628 376 1655 nee
406 1613 594 1670 gloriam
616 1614 885 1670 popularem
906 1613 1049 1668 ipsam
1071 1628 1149 1671 per
1169 1628 1265 1656 sese

93 1670 422 1724 expetendam,
466 1684 549 1712 nec
595 1669 927 1725 ignobilitatem
964 1669 1263 1712 extimescen-

93 1725 211 1766 dam.
290 1725 416 1770 Veni
460 1725 710 1772 Athenas,
761 1725 913 1783 inquit
949 1724 1264 1768 Democritus:

94 1797 249 1839 neque
277 1797 351 1825 me
369 1783 620 1839 quisquam
640 1784 663 1810 ⁴
691 1784 911 1841 agnovit.
968 1781 1263 1826 Constantem

142 1920 182 1967 ι)
208 1920 284 1954 Pro
303 1919 400 1954 ludis
422 1918 525 1966 quod
543 1919 581 1953 Ιι.
603 1920 631 1954 l.
651 1932 745 1955 sane
761 1921 835 1955 vix
855 1930 987 1965 aptum
1007 1928 1082 1957 eet,
1107 1929 1262 1964 propter

95 1976 142 1998 ea
161 1978 259 2010 quae
276 1967 456 2011 proxime
475 1976 701 2011 sequuntur,
726 1967 920 2002 Davisius
942 1970 1043 2001 coni.
1064 1964 1261 2000 columnia.

137 2011 180 2053 2)
207 2011 408 2046 Emesam·
433 2016 532 2045 coni.
552 2011 746 2056 privatum.

139 2058 182 2104 3)
208 2067 334 2092 noster
351 2057 459 2091 abest
479 2058 520 2091 in
538 2057 615 2092 Ms.
636 2056 749 2092 Laid.
770 2068 806 2093 ει
827 2056 993 2094 Bokeria
1014 2055 1263 2103 Ernestioque

94 2102 302 2140 delendum
323 2101 544 2138 videbatur.

138 2150 182 2197 4)
206 2149 350 2184 Dam's.
371 2161 391 2182 e
410 2147 525 2182 codd.
548 2149 641 2196 Reg.
662 2147 766 2184 Pich.
788 2147 898 2182 Med.
919 2149 1081 2197 'aliisque
1103 2147 1263 2183 addidit

94 2194 160 2232 ibi.
218 2193 295 2231 Sed
322 2206 434 2242 quum
468 2195 614 2231 Graece
647 2193 799 2229 dixisse
827 2193 989 2236 semem·
1016 2196 1264 2231 Democritus
