1503 2584
269 114 338 155 ²4⁰
524 109 736 147 TUSCUL.
761 109 1188 153 DISPUTATIONUM

270 205 396 247 tione
431 217 630 259 aversas,
675 216 768 244 esse
804 203 1004 260 vitiosas,
1041 212 1114 259 ut,
1159 207 1294 248 etiam
1326 206 1365 248 si
1394 215 1439 251 et

268 262 388 304 mala
419 260 508 301 sint
534 259 634 311 illa,
665 273 775 316 quae
801 268 1001 315 metum,
1031 262 1440 316 aegritudinemve3

271 327 315 360 et
337 319 478 370 hona,
504 325 516 348 ¹
553 330 665 372 quae
689 316 1006 370 cupiditatem,
1047 316 1317 362 laetitiamve
1342 334 1440 360 mo-

270 380 428 427 veant,
459 379 613 412 tamen
632 371 689 412 sit
710 371 871 413 vitiosa
890 371 984 427 ipsa
1003 375 1260 416 commotio.
1318 375 1440 417 Con-

270 436 466 473 stantem
504 428 626 468 enim
661 427 886 483 quendam
934 428 1164 483 volumus,
1210 431 1438 485 sedatum,

270 499 480 543 gravem,
517 484 715 524 humana
745 483 896 525 omnia
922 492 1227 541 prementem,
1250 491 1267 513 ²
1303 486 1437 528 illum

272 557 362 585 esse
377 573 389 596 ‚
420 555 555 596 quem
580 539 922 595 magnanimum
951 546 998 583 et
1019 540 1185 583 fortem
1206 542 1351 584 virum
1372 541 1439 584 ‹li-

215 637 223 641 ,
271 599 429 647 cimus.
487 595 610 636 Talis
629 603 775 636 autem
797 610 880 636 nec
900 610 1124 650 maerens,
1154 612 1236 640 nec
1258 599 1438 653 timens,

268 668 353 695 nec
373 652 574 709 cupiens,
593 665 676 692 nec
696 650 889 706 gestiens
909 666 999 693 esse
1020 653 1254 708 quisquam
1274 661 1435 710 potest.

262 710 446 755 &Eorum
465 707 583 748 enim
606 706 713 747 haec
738 713 867 761 sunt,
897 707 971 762 qui
1001 716 1185 749 eventus
1215 710 1435 751 humanos

270 763 548 822 superioreS,
581 776 717 818 quam
736 775 837 802 suos
859 764 1032 804 animos
1053 778 1146 805 esse
1165 764 1352 807 ducunt.

409 872 593 917 XXIX.
651 872 802 928 Quare
824 872 1026 915 omnium
1077 873 1436 932 hilosophornm,

271 941 323 976 ut
349 938 453 973 ante
478 929 598 984 dixi,
630 943 717 970 una
742 929 854 970 ratio
877 937 942 970 est
961 943 1032 969 me
1067 930 1196 985 endi,
1226 939 1276 972 ut
1295 933 1435 986 nihil,

271 987 403 1047 quale
430 987 486 1028 sit
512 985 648 1039 illud,
687 984 805 1040 quod
839 985 1074 1040 perturbet
1098 986 1324 1041 animum,
1358 989 1436 1030 sed

272 1050 327 1087 de
364 1044 459 1098 ipsa
496 1042 553 1083 sit
587 1040 927 1099 perturbatione
963 1041 1215 1083 dicendum.
1281 1043 1436 1098 Itaque

272 1102 473 1158 primum
515 1097 564 1139 in
598 1098 694 1155 ipsa
730 1097 999 1152 cupiditate,
1046 1112 1186 1151 quum
1213 1098 1257 1140 id
1286 1099 1436 1141 solum

273 1158 443 1213 agitur,
482 1163 532 1196 ut
558 1169 607 1196 ea
635 1153 844 1205 tollatur,
890 1167 985 1194 non
1014 1161 1078 1195 est
1106 1155 1434 1212 quaerendum,

270 1214 444 1256 bouum
469 1211 609 1265 illud,
644 1223 785 1252 necne
812 1210 893 1263 sit,
931 1210 1051 1265 quod
1074 1209 1309 1252 libidinem
1337 1226 1436 1253 mo-

271 1277 394 1311 veat:
423 1267 500 1310 sed
518 1267 659 1310 libido
679 1267 773 1322 ipsa
793 1265 989 1306 tollenda
1005 1273 1093 1319 θεῖ’,
1121 1273 1170 1307 ut
1189 1267 1294 1321 sive,
1315 1268 1435 1324 quod

271 1327 513 1371 honestum
542 1332 629 1378 est,
675 1322 722 1363 id
750 1322 806 1363 sit
830 1336 1058 1363 summum
1090 1323 1279 1373 bonum,
1320 1324 1436 1379 sive,

270 1383 502 1438 voluptas,
539 1385 628 1421 sive
657 1378 822 1419 horum
852 1385 1090 1434 utrumque
1118 1379 1435 1436 coniunctum,

271 1439 364 1481 sive
387 1437 462 1478 illa
491 1436 576 1477 tria
607 1449 769 1491 genera
799 1435 1047 1489 bonorum,
1089 1443 1260 1490 tamen,
1298 1437 1433 1479 etjam

270 1496 309 1538 si
325 1493 502 1538 virtutis
522 1493 660 1548 ipsius
680 1488 988 1531 vehementior
1008 1489 1233 1545 appetitus
1254 1492 1334 1544 sit,
1363 1506 1435 1533 ea-

273 1552 376 1593 dem
408 1549 466 1591 sit
495 1547 703 1589 omnibus
736 1546 791 1587 ad
826 1545 1142 1587 deterrendum
1179 1546 1433 1590 adhibenda

271 1607 430 1649 oratio.
507 1604 721 1646 Continet
755 1610 904 1643 autem
939 1615 1120 1643 omnem
1156 1601 1433 1645 sedationem

273 1663 437 1716 animi,
485 1660 681 1702 humana
715 1658 762 1700 in
799 1663 1043 1713 conspectu
1076 1658 1218 1714 posita
1247 1667 1431 1701 natura:

272 1732 386 1776 quae
404 1733 495 1773 quo
513 1715 686 1757 facilius
709 1727 920 1770 expressa
942 1720 1175 1768 cernatur,
1203 1715 1434 1771 explican-

276 1779 331 1819 da
347 1783 412 1818 est
430 1773 632 1816 oratione
653 1768 905 1812 communis
925 1769 1124 1812 conditio
1137 1800 1150 1824 ‚
1187 1770 1350 1827 lexque
1371 1772 1435 1812 vi-

1349 1835 1433 1869 tae.

321 1960 360 2007 ι)
387 1959 447 1992 Sic
473 1953 637 2000 Wolfius
657 1951 795 1986 edidit.
849 1951 1057 1997 Vulgacum
1087 1950 1227 1986 etiamsi
1257 1964 1327 1986 nec
1357 1965 1433 1987 ma·

271 2005 308 2041 la
328 2026 375 2032 --
395 2015 463 2036 nec
484 2002 582 2035 bona
601 2001 812 2034 sententiae
830 2009 984 2043 prorsus
1005 2007 1201 2042 repugnat.
1225 1997 1432 2033 Lambinus

273 2064 383 2094 quem
415 2051 602 2084 Davisius
631 2052 668 2078 et
701 2045 893 2079 Bentleius
921 2044 1043 2076 secuti
1069 2053 1156 2081 sunt
1184 2048 1352 2078 cortex-ic
1373 2044 1432 2078 vel

273 2097 371 2133 bona
389 2115 434 2122 -—
455 2093 510 2128 vel
533 2093 640 2127 mala.
689 2090 890 2124 Emesam
907 2090 1130 2131 simpliciter
1151 2089 1302 2122 mala—
1318 2089 1434 2125 bona.

319 2143 359 2188 2)
387 2150 619 2189 prementem
642 2136 839 2177 displicuit
860 2135 1053 2172 Bentleio.
1078 2134 1267 2171 Bolcerius
1285 2136 1354 2172 ve!
1376 2135 1433 2171 fe-

273 2199 438 2227 rentem,
463 2186 530 2223 vel
549 2191 788 2233 *peruentum
805 2179 1009 2222 suadebacq
