1503 2584
335 109 477 146 LIBER
507 107 757 157 QUINTUS·
811 107 919 147 CAP.
941 113 1004 155 570
1187 114 1252 154 3¹1

217 201 469 246 XXXVII.
536 200 810 259 Contempto
856 201 998 258 igitur
1046 199 1249 259 honore,

78 265 340 315 contempta
374 259 510 301 etiam
550 259 761 315 pecunia,
838 258 912 301 uid
949 257 1246 315 relinquitur,

77 314 198 371 quod
223 313 607 357 extimescendum
639 314 731 358 sit?
831 313 1043 370 milium,
1081 314 1245 371 credo,

77 369 199 426 quod
224 370 274 412 in
296 371 507 413 maximis
534 371 661 413 malis
683 370 874 416 ducitur.
931 369 983 414 ld
1005 371 1041 412 si
1055 377 1243 427 propter

75 426 267 469 alienam
287 434 333 468 et
350 425 566 470 offensam
591 426 754 484 populi
773 427 1051 470 voluntatem
1069 427 1244 470 malum

76 488 163 524 est:
191 496 328 538 quam
346 482 404 524 sit
423 497 473 525 ea
496 483 852 539 contemnenda,
879 483 1036 540 paullo
1057 489 1160 525 ante
1179 482 1250 525 di-

74 545 198 579 ctum
218 545 294 579 est.
353 539 438 581 Sin
455 539 606 582 abesse
625 539 773 596 patria
794 539 1012 582 miserum
1033 545 1120 582 est:
1147 538 1259 595 ple-⁷

73 608 156 636 nae
174 593 443 636 miserorum
465 596 721 651 provinciae
740 602 868 650 sunt,
907 610 965 638 ex
985 594 1146 651 quibus
1164 595 1246 638 ad-

72 649 259 692 modum
287 650 421 707 pauci
446 651 495 692 in
519 650 714 707 patriam
735 657 1037 692 revertuntur.
1065 674 1122 682 —
1178 650 1245 693 At

73 705 323 748 multantur
352 706 481 749 bonis
509 706 699 749 exsules.
717 730 774 737 -
817 706 940 758 Quid
966 702 1101 748 tum?
1159 706 1246 749 Pa·

17 790 22 792 -
71 775 235 811 rumne
272 762 418 805 multa
456 763 509 804 de
536 762 766 805 toleranda
791 768 1056 819 paupertate
1084 761 1245 804 dicun-

71 813 182 860 tur?
238 819 336 861 Iam
371 832 478 862 vero
513 818 752 874 exsilium,
800 818 839 860 si
868 819 932 860 rei
962 827 970 849 ¹
1007 826 1244 874 naturam,

74 888 168 916 non
201 874 500 928 ignominiam
540 875 738 916 nominis
773 875 1055 931 quaerimus,
1103 890 1246 931 quan-

72 936 173 972 tum
205 931 389 973 demum
419 940 436 962 2
465 946 489 974 a
517 938 732 988 perpetua
758 931 1125 987 peregrinatione
1157 928 1250 972 dif-

72 980 195 1029 fert?
251 987 305 1029 In
325 1001 411 1044 qua
432 995 593 1029 aetates
619 1001 719 1028 suas
739 986 1002 1045 philosophi
1023 986 1245 1029 nobilissi-

56 1042 138 1092 ‘mi
155 1051 556 1099 consumpserunt,
587 1043 887 1096 Xenocrates,
917 1044 1129 1098 Crantor,
1157 1042 1245 1084 Ar-

73 1097 254 1153 cesilas,
281 1098 514 1156 Lacydes,
548 1099 838 1154 Aristoteles,
871 1099 1244 1155 Theophrastus,

76 1154 223 1208 Zeno,
281 1153 522 1198 Cleanthes
541 1187 554 1211 ,
601 1155 886 1212 Chrysippus
904 1187 918 1209 ,
977 1155 1086 1198 Anti
1123 1162 1242 1210 ater,

72 1209 348 1266 Carneades,
391 1211 656 1264 Panaetius,
700 1211 1033 1267 Clitomachus,
1124 1211 1243 1266 hilo,

71 1265 352 1322 Antiochus,
405 1267 697 1323 Posidonius,
747 1267 1098 1310 innumerabiles
1143 1268 1245 1310 alii:

72 1323 151 1378 qui
177 1323 318 1364 semel
346 1325 534 1380 egressi,
574 1338 822 1380 numquam
842 1324 1027 1365 domum
1046 1332 1246 1365 reverte-

72 1377 136 1420 re.
195 1379 259 1420 At
279 1380 400 1422 enim
422 1395 517 1422 non
536 1381 628 1423 sine
648 1380 900 1436 ignominia
919 1394 946 1422 4‹
977 1393 1003 1421 «κ
1032 1394 1059 1421 «κ
1091 1397 1116 1423 ⁴:
1148 1378 1245 1421 affi-

72 1448 174 1477 cere
192 1435 455 1492 sapientem.
510 1437 581 1478 De
603 1437 802 1492 sapiente
822 1436 941 1477 enim
962 1434 1071 1476 haec
1094 1437 1244 1477 omnis

75 1492 220 1534 oratio
258 1500 347 1546 est,
386 1492 461 1533 cui
497 1492 596 1534 iure
634 1492 682 1533 id
718 1492 922 1533 accidere
959 1506 1053 1532 non
1092 1491 1244 1547 possit.

72 1546 195 1589 Nam
225 1549 325 1589 i'ure
356 1548 638 1593 exsulantem
669 1547 895 1589 consolari
925 1562 1019 1589 non
1047 1555 1243 1602 oportet.

69 1602 305 1645 Postremo
342 1603 399 1646 ad
439 1618 596 1646 omnes
633 1619 760 1646 casus
789 1603 1004 1646 facillima
1033 1603 1149 1644 ratio
1178 1611 1246 1646 est

71 1673 256 1715 eorum,
290 1660 368 1716 qui
395 1660 451 1701 ad
478 1661 758 1716 voluptatem
786 1675 836 1702 ea
863 1659 1091 1714 referunt,
1130 1673 1243 1714 quae

71 1723 322 1772 sequuntur
346 1717 395 1758 in
422 1716 535 1771 vita,
576 1723 649 1770 ut,
688 1729 974 1772 quocumque
1002 1715 1111 1756 haec
1142 1716 1253 1758 loco-

70 1771 352 1828 suppeditet,
377 1776 394 1800 ³
426 1772 491 1814 ibi
526 1773 655 1814 beate
676 1780 843 1828 queant
866 1772 1029 1821 vivere.
1085 1771 1243 1826 ltaque

72 1827 129 1869 ad
157 1835 343 1870 omnem
371 1828 595 1870 rationem
613 1828 780 1870 Teucri
799 1841 891 1871 vox
910 1826 1244 1869 accommodari

70 1890 242 1941 ΡΟῘΘΒῘΖ,

128 1964 185 1973 -
209 1963 266 1972 --
301 1946 460 1983 Patria
481 1953 567 1992 est,
597 1944 840 1996 abicumque
859 1942 920 1982 est'
939 1942 1048 1982 bene.

124 2089 164 2132 ι)
192 2089 255 2124 δίο
273 2091 420 2126 Davis.
443 2100 600 2124 auctore
621 2089 808 2126 Bentleio.
862 2087 989 2134 Vulgo
1009 2097 1148 2121 rerum,

117 2135 161 2182 2)
192 2137 338 2171 Davis.
359 2138 459 2171 coni.
480 2135 683 2182 legendum
706 2142 882 2182 quantum
905 2132 1074 2167 tandem.

114 2189 153 2224 ὃ)
188 2182 255 2218 Ita
275 2183 418 2218 Davis.
440 2195 461 2223 Q
481 2184 577 2222 Mu.
630 2182 756 2227 Vulgo
777 2179 1030 2229 suppeditent.
