1503 2584
303 147 447 184 LIBER
482 146 726 194 QUINTUS.v
773 145 877 182 CAP.
900 157 963 195 291
1147 157 1218 196 299

51 243 291 287 molestum
311 242 393 297 sit,
413 250 423 272 ¹
462 238 700 300 (quoniam
721 247 766 282 te
786 239 918 282 ‘nulla
940 240 1115 283 vincula
1133 242 1222 284 ima

53 300 242 357 pediunt
267 297 405 340 ullius
431 303 576 339 certae
605 296 893 353 disciplinae,
932 296 1130 353 libasque
1159 314 1218 342 ex

55 356 286 410 omnibus,
352 354 636 411 uodeumque
655 363 699 394 te
716 353 916 395 maxime
935 355 1083 409 specie
1103 356 1223 398 veri-

54 414 156 456 tatis
177 416 327 454 movet
391 410 509 468 quod
548 409 700 467 paullo
737 415 840 451 ante
870 409 1218 467 Pe1·ipatetic03‚

53 477 338 524 veteremque
366 466 657 509 Academiam
692 465 866 508 hortari
896 465 1128 522 videbare,
1170 475 1221 509 ut

55 526 150 568 sine
179 522 499 565 retractatione
528 522 667 563 libere
698 521 847 563 dicere
877 522 1118 580 auderent,
1154 538 1224 566 sa-

55 581 230 640 pientes
256 593 348 621 esse
376 592 552 634 semper
578 577 880 630 beatissim033
922 577 968 618 id
988 579 1122 620 velim
1145 594 1225 622 au-

58 637 178 691 dire,
216 634 597 692 quemadmodum
626 631 695 673 his
722 640 850 697 putes
871 641 1223 677 consentaneum

54 706 150 736 'esse
175 691 221 735 id
253 691 419 733 dicere.
485 688 634 732 Multa
662 702 782 731 emm
805 701 830 728 a
851 694 895 728 te
915 696 1069 731 contra
1090 690 1224 733 istam

55 749 324 792 sententiam
361 746 482 788 dicta
520 751 649 800 sunt,
688 751 732 786 et
761 743 1022 787 Stoicorum
1049 747 1224 789 ratione

57 806 280 847 conclusa.
354 803 422 845 M.
460 802 656 844 Utamur
685 800 822 854 igitur
855 800 1088 856 libertate3
1135 818 1226 859 qua

56 861 188 904 nobis
224 859 330 902 solis
366 860 412 901 in
450 856 736 916 philosophia
771 856 878 898 lieet
903 857 994 909 uti3
1031 873 1226 914 quorum

60 918 204 962 oratio
221 915 341 960 nihil
361 917 456 972 ipsa
481 913 669 968 iudicat,
697 912 773 954 sed
795 912 984 955 habetur
1003 914 1050 956 in
1069 929 1227 958 omnes

60 982 233 1032 part.eS‚
271 980 319 1014 ut
340 971 394 1014 ab
417 971 513 1013 aliis
532 969 673 1027 possit
691 970 789 1026 ipsa
805 984 889 1024 per
906 983 1024 1026 sese,
1054 971 1226 1014 nultius

62 1029 338 1073 auctoritate.
359 1028 595 1081 adiuncta,
617 1032 639 1055 ²
675 1026 878 1068 iudicari.
936 1026 996 1068 Et
1015 1029 1228 1084 quoniam

59 1084 224 1127 videris
254 1085 339 1125 hoe
368 1084 507 1139 velle,
533 1090 610 1136 ut,
640 1095 948 1139 quaecumque
967 1084 1230 1128 dissentien-

61 1142 178 1184 tium
204 1139 586 1197 philosophorum
614 1145 711 1180 sent
739 1137 833 1180 nfia
870 1139 924 1181 sit
953 1140 1009 1182 de
1038 1140 1230 1197 finibus²

61 1205 215 1239 tamen
235 1197 373 1238 virtus
384 1195 487 1237 satis
507 1194 705 1236 habeata
751 1194 887 1236 vitam
905 1196 1081 1238 beatam
1101 1211 1230 1254 prae-

60 1253 188 1309 sidii3
223 1253 343 1310 quod
372 1252 552 1308 quidem
574 1250 854 1293 Carneadem
873 1251 1102 1309 disputare
1127 1253 1233 1295 soli-

62 1317 164 1352 tum
204 1309 485 1365 accepimus3
532 1307 608 1350 sed
644 1307 705 1362 is,
749 1313 802 1347 ut
838 1315 993 1350 contra
1030 1308 1232 1367 Stoicos,

63 1381 175 1424 quos
204 1365 522 1408 studiosissime
552 1377 729 1421 semper
757 1362 1018 1420 refellebat,
1055 1374 1099 1408 et
1125 1381 1235 1410 con-

64 1432 132 1465 tra
159 1435 349 1480 quorum
373 1421 656 1476 disciplinam
683 1420 920 1475 ingenium
944 1420 1035 1463 eius
1057 1437 1236 1466 exarse-

0 1514 1 1525 ,
64 1485 161 1535 rat3
192 1494 274 1522 nos
294 1476 408 1519 illud
429 1475 610 1532 quidem
629 1490 732 1517 cum
752 1490 862 1531 pace
882 1491 1079 1532 agemus.
1104 1486 1120 1512 3
1184 1481 1233 1522 Si

65 1536 188 1579 enim
222 1533 366 1576 Stoici
401 1533 512 1574 fines
550 1532 774 1574 bonorum
809 1540 931 1574 recte
965 1545 1237 1590 posuerunt:

67 1591 272 1634 confecta
302 1603 383 1631 res.
401 1595 491 1644 est3
530 1601 711 1630 necesse
742 1593 809 1630 est
836 1602 1030 1646 semper,
1052 1591 1235 1635 beatum

65 1662 160 1690 esse
188 1646 456 1704 sapientem.
525 1644 613 1687 Sed
643 1658 909 1700 quaeramus
940 1659 1237 1704 unamquam-

65 1718 153 1760 que
172 1703 453 1760 reliquorum
475 1702 770 1754 sententiam,
807 1700 844 1742 si
862 1700 962 1742 fieri
981 1710 1155 1758 potest,
1183 1713 1238 1749 ut

66 1759 155 1803 hoc
180 1757 470 1818 praeclarum
502 1757 628 1814 quasi
660 1756 893 1800 decretum
930 1757 1082 1802 beatae
1118 1762 1236 1806 vitae

119 1910 160 1959 ι)
188 1909 312 1956 Vulgo
336 1917 378 1942 ut
405 1907 475 1942 nini
505 1907 702 1942 molestum
731 1906 793 1942 eit.
843 1906 920 1942 Sed
945 1910 1178 1954 particulam
1197 1922 1240 1949 ut

70 1959 116 2037 ἰὸ
139 1953 226 2010 eqd.
240 1956 343 2036 ἐπὶ.
373 1956 536 2001 aliisque
554 1953 670 1988 codd.
692 1954 873 1991 omissam
891 1964 993 1990 recte
1012 1955 1240 1996 deleverunt

117 2013 215 2036 avu.
277 2013 335 2036 m.

119 2051 157 2087 2)
183 2047 380 2081 Bentleius
399 2045 569 2080 malebat
590 2045 728 2081 adiuta.

83 2119 88 2122 .
119 2094 163 2140 3)
190 2092 400 2128 Lambinus
417 2091 697 2126 rescribendum
713 2096 880 2128 cermcie:
903 2091 977 2128 hoc
989 2094 1139 2145 quidem
1151 2097 1242 2132 car-

74 2138 234 2175 neadem
255 2137 440 2185 disputate
458 2137 609 2174 solitum
629 2138 895 2186 aceepimuo—
912 2150 981 2173 noe
1003 2151 1126 2177 autem
1147 2142 1241 2178 illud

75 2197 161 2221 eum
180 2192 284 2231 {pace
311 2195 470 2230 agemus.
520 2184 714 2220 Bentleius
740 2196 859 2220 vero:
894 2186 996 2235 quod
1025 2187 1176 2236 quidem
1194 2208 1243 2218 --

75 2242 147 2267 noo
168 2229 262 2266 iuud
284 2230 434 2279 quidem
455 2230 621 2268 omnium
640 2243 735 2281 paee
756 2242 921 2281 agemus,
