1503 2584
266 114 332 155 ηρ.
504 131 505 136 =
518 105 725 145 TUSCUL.
749 104 1174 140 DISPUTATIONUM

271 205 658 242 autemaccussare
688 197 889 253 quamvis
921 197 1101 253 copiose
1129 197 1250 240 licet.
1315 197 1437 240 Nam

272 264 319 299 et
347 255 425 312 qui
450 269 544 298 non
574 256 781 297 levantur
809 252 894 308 ipsi
920 253 972 294 ad
1001 268 1046 295 se
1075 253 1298 295 miseriam
1327 254 1440 297 invi-

275 319 397 356 tant:
417 321 430 344 ¹
460 318 505 353 et
524 311 597 367 qui
618 323 722 352 suos
739 323 863 351 casus
885 309 1015 354 aliter
1031 310 1206 364 ferunt,
1233 319 1365 366 atque
1390 318 1441 352 ut

278 376 480 411 auctores
508 374 524 397 ²
552 367 648 409 aliis
666 367 751 420 ipsi
770 364 978 420 fuerunt,
1007 380 1099 408 non
1120 373 1225 409 sunt
1244 365 1442 409 vitiosio-

277 440 375 478 res,
401 437 537 480 quam
555 422 645 464 fere
666 422 886 478 plerique,
914 421 989 477 qui
1008 423 1126 464 avari
1145 436 1314 474 avaros,
1343 422 1443 476 glo-

275 482 368 523 riae
397 479 585 536 cupidos
610 477 797 535 gloriosi
814 476 1165 534 reprehendunt.
1217 478 1299 520 Est
1319 478 1441 519 enim

276 536 514 595 proprium
561 534 800 588 stultitiae,
855 533 1050 575 aliorum
1091 533 1198 576 vitia
1234 547 1443 588 cernere,

278 592 479 636 oblivisci
501 605 702 632 suorum.
749 589 837 632 Sed
856 590 1068 631 nimirum
1087 588 1173 630 hoc
1192 590 1445 632 maximum

281 657 345 692 est
364 648 740 704 experimentum,
768 659 905 700 quum
924 653 1097 687 constet
1118 645 1446 700 aegritudinem

277 709 501 748 vetustate
528 701 649 756 tolli,
686 699 801 742 hanc
828 700 921 742 vim
941 715 1143 743 nonesse
1161 702 1210 743 in
1229 701 1298 742 die
1325 700 1447 756 posi-

281 768 401 813 tam,
438 758 516 800 sed
542 759 597 800 in.
618 756 887 813 cogitatione
920 756 1155 798 diuturna.-
1176 763 1193 790 ³
1257 756 1377 797 Nam
1407 754 1447 796 si

280 825 327 860 et
346 816 502 858 eadem
521 829 592 855 res
613 819 703 865 est,
731 819 776 854 et
793 811 914 853 idem
936 819 1000 853 est
1019 811 1180 854 homo:
1207 811 1283 868 qui
1303 816 1449 866 potest

282 872 531 929 quidquam
560 868 614 909 de
647 867 802 923 dolore
830 867 1022 921 mutari,
1059 866 1097 908 si
1124 877 1269 924 neque
1293 870 1344 908 de
1370 881 1448 921 eo,

282 935 474 986 propter
501 924 622 980 quod
650 923 796 977 dolet,
835 923 1084 978 quidquam
1112 930 1177 963 est
1196 929 1447 976 mutatum,

283 996 428 1039 neque
457 981 510 1022 de
539 995 617 1035 eo,
653 978 729 1035 qui
757 972 914 1020 dolet?
953 976 1164 1032 cogitatio
1192 976 1333 1033 igitur
1353 977 1452 1020 diu-

287 1046 447 1093 turna,
483 1036 604 1078 nihil
632 1049 724 1077 esse
751 1034 799 1077 in
818 1049 866 1075 re
886 1033 1016 1089 mali,
1055 1032 1197 1074 dolori
1219 1033 1451 1088 medetur,

283 1111 378 1139 non
398 1095 493 1150 ipsa
520 1091 803 1134 diuturnitas.
868 1090 959 1132 Hic
989 1088 1104 1131 mihi
1134 1088 1326 1131 afferunt
1356 1103 1453 1131 me-

285 1151 559 1194 diocritates,
618 1148 744 1199 Quae
763 1148 799 1190 si
820 1146 1043 1188 naturales
1065 1153 1185 1202 sunt,
1211 1146 1317 1202 quid
1336 1158 1451 1202 opus

288 1214 354 1253 est
382 1199 723 1250 consolatione?
782 1204 958 1246 Natura
982 1202 1101 1244 enim
1123 1202 1219 1257 ipsa
1239 1203 1453 1244 termina-

287 1263 354 1307 bit
374 1266 396 1291 ⁴
421 1262 622 1305 modum.
680 1259 761 1302 Sin
780 1257 1051 1317 opinabiles,
1077 1258 1233 1315 opinio
1252 1265 1349 1300 tota
1367 1257 1453 1300 tol·

289 1320 427 1364 latur.

429 1429 616 1473 XXXI.
675 1427 791 1470 Satis
818 1428 988 1469 dictum
1017 1441 1109 1469 esse
1131 1427 1350 1483 arbitror,
1381 1442 1454 1469 ae-

292 1488 571 1553 gritudinem
614 1500 706 1528 osse
743 1484 1003 1541 opinionem
1040 1483 1152 1525 mali
1185 1484 1453 1540 praesentis,

291 1560 340 1587 m
369 1559 455 1600 qua
483 1542 702 1598 opinione
726 1540 840 1583 illud
868 1539 999 1594 insit,
1042 1546 1093 1581 ut
1125 1540 1457 1596 aegritudinem

293 1599 519 1656 suscipere
547 1604 768 1654 oporteat.
836 1595 1040 1638 Additur
1075 1595 1131 1637 ad
1156 1595 1272 1637 hane
1300 1595 1458 1637 defini-

292 1657 465 1699 tionem
487 1670 511 1696 a
531 1654 715 1696 Zenone
733 1660 877 1707 recte,
908 1659 957 1693 ut
976 1652 1054 1693 illa
1072 1651 1228 1706 opinio
1247 1666 1459 1708 praesen-

296 1713 352 1755 tis
371 1711 482 1754 mali
501 1710 557 1753 sit
577 1724 745 1752 recens.
806 1710 910 1752 Hoc
929 1715 1079 1750 autem
1095 1707 1284 1750 verbum
1302 1708 1366 1749 sic
1388 1707 1458 1750 in·

344 1907 384 1953 ι)
413 1906 474 1942 Sic
505 1904 591 1940 cod.
627 1904 756 1941 Ursini
783 1903 885 1952 quod
918 1913 1018 1939 recte
1054 1914 1274 1950 receperunt
1313 1905 1457 1938 Davis.

300 1951 426 1999 Wolf.
480 1952 604 2005 Vulgo
626 1952 696 2000 ipsi
717 1949 764 1985 ad
785 1951 970 1986 miseriam
990 1949 1155 1985 invitant.
1193 1949 1347 1985 Erasm.
1368 1950 1457 1983 Ma·

297 2009 380 2034 nuc.
405 1998 541 2033 Lamb.
561 1998 631 2045 ιροὶ
653 1998 746 2034 alios
763 1996 810 2032 ad
832 1997 1014 2032 miceriam
1035 1996 1204 2030 invitant.

342 2047 384 2085 2]
409 2045 502 2078 Em.
524 2044 636 2078 dedic
658 2053 766 2091 atque
786 2053 955 2078 auctores
977 2042 1055 2076 aliie
1075 2043 1145 2090 ipsi
1163 2041 1325 2077 fuerunt.

343 2093 385 2139 3)
411 2092 539 2136 inepte
562 2089 791 2125 Gebhardus
812 2103 830 2122 e
853 2088 965 2123 codd.
991 2089 1182 2122 nonnullis
1206 2087 1350 2122 diuma.

292 2185 317 2219 h
337 2140 383 2196 4)
407 2138 484 2172 Ms.
508 2134 619 2170 Leid.
651 2135 878 2175 terminavit,
914 2133 1016 2182 quod
1040 2146 1117 2169 non
1137 2132 1362 2179 displicebat
1381 2134 1454 2169 Bo·

320 2196 412 2220 eno·
