1503 2584
233 122 302 159 ²9²
467 120 469 122 ·
482 108 693 149 TUSCUL,
720 107 1148 144 DISPUTATIONUM

238 203 462 261 spexerit,
499 201 733 256 sideraque
753 200 918 243 viderit
938 200 1286 243 innumerabilia
1307 214 1405 242 cae-

236 259 288 302 10
305 258 586 302 inhaerentia
608 271 708 297 cum
731 257 826 298 eius
850 257 987 313 ipsius
1009 265 1135 299 motu
1156 270 1402 311 congruere

241 316 376 357 certis
397 314 540 361 infixa
559 313 760 367 sedibus,
785 321 954 368 septem
977 314 1061 354 alia
1081 327 1183 355 suos
1203 324 1403 368 quaeque

240 377 395 414 tenere
423 383 601 422 cursus,
639 369 839 411 multum
865 368 985 410 inter
1009 384 1054 411 se
1074 377 1150 411 aut
1168 369 1404 410 altitudine

235 434 321 470 -aut
348 425 600 469 humilitate
631 424 858 479 distantia,
906 440 1098 481 quorum
1126 425 1229 479 vagi
1257 431 1405 466 motus

240 490 338 525 rata
354 490 508 525 tamen
532 489 573 522 et
596 487 726 522 certa·
737 481 806 522 sui
826 495 981 522 cursus
999 481 1135 535 spatia
1157 475 1406 522 definiant?

242 538 425 582 Horum
455 538 670 580 nimirum
698 537 933 593 adspectus
960 536 1143 593 impulit
1162 536 1265 578 illos
1288 542 1407 577 vete-

243 609 317 637 res
353 603 399 636 et
424 594 685 647 admonuit,
721 601 772 634 ut
804 594 930 647 plura
960 599 1236 648 quaererent.
1295 591 1406 633 Inde

243 659 311 693 est
337 650 567 706 indagatio
595 657 699 690 nata
723 649 981 703 initiorum,
1015 657 1060 690 et
1086 655 1316 704 tamquam
1340 661 1406 688 se-

241 706 447 761 minum,
495 705 613 747 unde
651 712 797 747 essent
826 706 975 746 omnia
1003 711 1125 760 orta,
1170 711 1405 759 generata,

244 770 478 813 concreta,
516 776 716 816 quaeque
744 762 957 815 cuiusque
984 760 1155 814 generis
1177 760 1244 801 vel
1265 759 1408 801 inani-

242 819 332 874 mi,
381 819 449 860 vel
477 817 741 869 animantis,
786 816 857 858 vel
892 816 1032 868 muti,
1080 815 1146 857 vel
1182 814 1405 871 loquentis

245 876 398 928 origo,
444 886 557 928 quae
590 872 707 926 vita,
750 871 825 927 qui
855 870 1087 924 interitus,
1125 884 1321 926 quaeque
1350 885 1407 912 ex

242 929 334 971 alio
362 929 409 970 in
435 928 560 970 aliud
588 926 845 969 vicissitudo
873 934 1005 982 atque
1034 926 1248 978 mutatio,
1289 926 1407 967 unde

243 993 390 1040 terra,
428 992 472 1026 et
499 983 659 1039 quibus
687 983 848 1024 librata
878 982 1176 1038 ponderibus,
1198 990 1211 1013 ¹
1246 981 1408 1038 quibus

237 1041 447 1084 cavernis
473 1039 614 1081 maria
641 1039 968 1090 sustineantur,
990 1045 1011 1064 2
1041 1038 1090 1079 in
1119 1053 1205 1094 qua
1233 1037 1408 1091 omnia,

241 1098 390 1140 delata
411 1097 640 1153 gravitate,
665 1095 865 1136 medium
886 1094 1044 1135 mundi
1062 1095 1213 1135 locum
1231 1107 1408 1149 semper

242 1159 486 1210 expetant,
515 1153 591 1209 qui
613 1159 678 1193 est
697 1151 819 1193 idem
837 1151 1018 1192 intimus
1037 1150 1086 1192 in
1104 1150 1314 1192 rotundo.

384 1263 544 1306 XXV.
606 1264 728 1305 Haec
754 1263 960 1304 tractanti
985 1262 1163 1316 animo,
1193 1269 1238 1304 et
1256 1269 1408 1303 noctes

243 1328 291 1365 et
325 1320 418 1363 dies
455 1320 667 1375 cogitanti
704 1319 880 1360 exsistit
916 1318 993 1360 illa
1033 1335 1058 1360 a
1093 1319 1176 1360 deo
1214 1318 1408 1374 Delphis

245 1383 486 1435 prae-cepta
513 1376 736 1433 cognitio,
773 1381 825 1415 ut
850 1375 944 1430 ipsa
964 1390 1008 1416 se
1029 1389 1154 1416 meus
1174 1383 1408 1430 agnoscat,

245 1433 626 1487 coniunctamque
666 1447 769 1473 cum
797 1431 945 1472 divina
970 1439 1120 1472 mente
1149 1447 1192 1473 se
1223 1434 1408 1485 sentiat,

243 1504 305 1532 ex
341 1504 429 1545 quo
465 1487 707 1530 insatiabili
742 1486 905 1542 gaudio
944 1488 1209 1543 completur.
1239 1496 1254 1527 3
1306 1486 1407 1540 Ipsa

242 1546 367 1587 enim
395 1544 607 1600 cogitatio
636 1544 690 1585 de
719 1544 761 1585 vi
799 1551 843 1583 et
873 1549 1030 1583 natura
1060 1542 1271 1596 deorum,
1317 1551 1409 1584 stu-

243 1602 373 1644 dium
400 1600 602 1642 incendit
627 1600 747 1640 illius
781 1598 1051 1640 aeternitatis
1088 1599 1352 1650 imitandae,
1388 1607 1409 1636 4

243 1671 392 1713 neque
411 1671 455 1697 se
473 1656 522 1698 in
546 1655 760 1698 brevitate
781 1654 896 1697 vitae
915 1654 1183 1696 collocatam
1208 1659 1221 1684 ⁵
1256 1663 1409 1712 putat,

294 1818 334 1865 ι)
361 1817 504 1853 Davis.
535 1827 584 1849 ex
611 1815 765 1850 Eliensi
789 1824 824 1848 2.
857 1818 997 1861 recepit
1027 1812 1127 1848 unde
1157 1821 1252 1848 terra
1282 1812 1407 1859 aequi·

243 1863 376 1908 librata
395 1861 636 1908 ponderibus.

289 1911 330 1956 2)
359 1909 422 1944 sic
459 1910 600 1961 Qavis3
642 1904 825 1940 adhibitis
865 1904 953 1938 edd.
991 1914 1086 1962 vect.
1118 1913 1154 1938 ει
1181 1903 1255 1961 coc}
1303 1905 1408 1939 Pecr.

242 1951 936 2045 ‘Vgssfft‘g'2215322515332537522}
939 1950 1408 2043 “Pfffigss‘sssossssssissffll'rim'

287 2048 332 2096 4)
360 2044 527 2080 imitandi
550 2044 664 2078 codd.
686 2044 787 2077 J’all.
812 2043 961 2077 Fabric.
984 2044 1060 2089 Reg
1097 2041 1180 2076 ΡὶιΙι
1222 2042 1322 2075 Med.

286 2097 330 2135 5}
358 2092 579 2127 collocatum
618 2090 728 2123 dedic
755 2091 897 2123 Davis.
927 2094 1037 2135 quasi
1063 2088 1108 2122 id
1136 2087 1189 2121 ad
1215 2087 1407 2123 hommem

239 2140 447 2181 referatur.
504 2135 579 2172 Sed
617 2135 783 2182 refertur
811 2134 865 2168 ad
890 2136 1013 2171 verba
1042 2145 1082 2170 ut
1112 2135 1192 2181 ipsa
1228 2145 1267 2170 se
1301 2146 1405 2170 meno

240 2193 430 2234 agnoscat.
