1503 2584
283 110 425 148 unm
449 108 684 148 TERTIUS.
730 108 836 146 CAP.
870 120 925 156 ¹7·
952 115 1009 150 ¹8.
1163 112 1232 155 175

67 215 168 250 ente
203 203 427 264 perceptis
470 202 596 244 bonis
630 211 642 234 ¹
689 208 928 245 contentus
959 209 1097 256 esset,
1145 204 1235 243 neo

65 270 286 315 mortem,
315 275 398 301 nec
419 258 524 301 deos
546 258 874 302 extimescet-et.

203 370 383 416 XVIII.
456 371 609 416 Habes
653 370 846 415 formam
886 367 1072 428 Epicuri
1118 367 1235 410 vitae

67 432 246 485 beatae,
293 428 442 470 verbis
470 427 669 471 Zenonis
704 442 987 485 expressam,
1028 423 1146 468 nihil
1185 429 1238 464 ut

66 486 206 546 possit
223 485 394 542 negari.
453 485 576 537 Quid
600 479 744 541 ergo?
784 485 976 526 huiusne
996 483 1111 524 vitae
1132 494 1240 537 pro-

67 542 229 601 positio
243 573 256 596 ,
295 549 340 583 et
357 540 574 598 cogitatio
595 549 673 582 aut
693 540 926 598 Thyesten
945 539 1092 581 levare
1115 544 1242 593 pote-

62 599 152 652 rit,
185 607 261 640 aut
280 600 467 640 Aeetam
481 628 493 652 ‚
526 597 581 639 de
604 611 693 653 quo
713 596 867 654 paullo
889 604 991 638 ante
1012 594 1131 648 dixi,
1160 599 1240 634 aut

66 655 392 707 Telamonem,
431 653 613 704 pulsum
630 653 800 710 patria,
832 651 1141 705 exsulantem,
1173 655 1242 691 at-

66 725 153 768 que
172 705 419 768 egentem?
457 710 504 752 in
526 724 616 766 quo
636 710 748 751 haec
767 707 1003 751 admiratio
1023 706 1182 749 fiebat:

124 796 303 834 ‚Hic-cine
333 795 355 820 ²
385 802 447 834 est
486 790 656 832 Telamo
682 793 780 841 ille,
818 793 934 831 modo
959 805 1079 843 quem
1095 791 1242 842 gloritz

762 849 823 888 ad
838 851 999 888 caelum
1025 848 1214 886 extulit?

127 909 256 960 Quem
283 905 593 960 aspectabant?
627 908 747 946 cuias
777 906 823 945 oh
848 922 891 945 os
917 907 1043 944 Graii
1071 920 1142 944 ora
1169 903 1244 943 ob*

765 963 980 1002 vertebant
1000 977 1077 1000 sua
1092 963 1113 1000 ?

188 1038 326 1092 Quod
352 1038 388 1080 si
421 1039 518 1095 cui,
552 1046 603 1081 ut
621 1038 683 1082 ait
701 1038 848 1094 idem,
887 1039 1030 1080 simul
1051 1040 1243 1081 animus

76 1112 183 1143 cum
205 1111 254 1137 re
276 1095 510 1148 concidit,
543 1111 568 1137 a
587 1096 797 1152 gravibus
817 1095 909 1137 illis
929 1094 1124 1150 antiquis
1142 1095 1248 1151 phi-

73 1152 274 1208 losophis
302 1151 494 1207 petenda
524 1152 748 1194 medicina
781 1158 871 1206 est,
916 1166 1009 1193 non
1041 1151 1094 1192 ab
1121 1151 1192 1192 his
1221 1156 1240 1183 3

76 1208 354 1265 voluptariis,
413 1206 560 1263 Quam
586 1208 707 1250 enim
725 1207 798 1250 isti
820 1207 1047 1250 bonorum
1067 1208 1248 1264 copiam

78 1258 269 1307 dicunt?
325 1263 413 1307 Fac
433 1279 538 1308 sane
559 1279 650 1307 esse
670 1278 900 1306 summum
919 1263 1113 1317 bonum,
1151 1278 1246 1306 non

75 1321 253 1375 dolere3
298 1335 572 1376 quamquam
605 1321 652 1362 id
682 1335 776 1362 non
806 1326 991 1362 vocatur
1018 1320 1249 1376 voluptas;

79 1377 155 1421 sed
176 1390 268 1418 non
288 1391 465 1418 necesse
486 1383 552 1416 est
571 1389 692 1418 nunc
713 1376 888 1427 omniat,
915 1375 1020 1417 idne
1039 1383 1128 1431 est,
1155 1392 1247 1431 quo

80 1432 277 1475 traducti
304 1432 477 1473 luctum
506 1426 744 1474 levemus?
802 1432 872 1474 Sit
890 1447 995 1474 sane
1015 1447 1250 1475 summum

77 1490 274 1541 malum,
311 1487 486 1543 dolere,
523 1488 569 1530 in
601 1504 653 1531 eo
675 1489 844 1544 igitur,
885 1489 959 1544 qui
979 1503 1072 1530 non
1093 1498 1182 1542 est,
1211 1489 1251 1531 si

79 1545 202 1588 malo
217 1550 382 1598 careat,
406 1545 682 1587 continuone
702 1545 874 1587 fruitur
892 1559 1069 1587 summo
1091 1540 1252 1597 bonor?

78 1600 204 1654 Quid
237 1601 614 1657 tergiversamur,
663 1601 885 1658 Epicure,
933 1616 1015 1644 nec
1053 1600 1252 1645 fatemur

80 1671 181 1699 eam
208 1671 289 1699 nos
317 1657 466 1699 dicere
497 1658 802 1716 voluptatem,
838 1674 975 1715 quam
1013 1666 1064 1700 tu
1102 1658 1251 1714 idem,

82 1727 223 1771 quum
242 1728 290 1756 os
309 1713 608 1771 perfricuisti,
637 1714 750 1757 soles
770 1710 954 1758 dicere?
1004 1715 1123 1756 Sunt
1139 1714 1253 1758 haec

83 1778 160 1818 tua
185 1770 346 1825 verba,
379 1767 560 1813 necne?
607 1772 654 1813 in
682 1785 734 1812 eo
762 1772 945 1828 quidem
981 1771 1127 1828 libro,
1171 1772 1255 1828 qui

86 1826 288 1871 continet
322 1841 508 1870 omnem
556 1827 841 1885 disciplinam
887 1836 1015 1870 tuam
1061 1826 1254 1887 (fungar

138 2012 175 2055 ι)
198 2011 260 2046 sic
278 2014 423 2049 Davts.
450 2025 559 2061 quem
584 2021 792 2060 sequuntur
819 2012 913 2048 Em.
942 2012 1066 2059 Wolf.
1096 2027 1116 2048 o
1137 2012 1255 2049 codd.

91 2057 182 2100 Rea.
203 2057 299 2093 Pub.
325 2058 432 2094 Med.
487 2060 611 2107 Vulgo
635 2070 720 2095 ame
741 2059 952 2108 praeceptio
973 2060 1096 2095 bonis.

137 2117 169 2138 2⁴
203 2104 391 2141 Versiculi
416 2119 465 2141 ex
501 2106 611 2141 Ennii
648 2106 849 2141 Telamone
876 2119 1035 2154 quorum
1068 2105 1258 2144 secundus

93 2149 254 2198 affertur
273 2156 388 2185 etiam
409 2153 463 2186 ad
485 2152 590 2186 Fam.
612 2153 681 2186 lib.
703 2153 770 2188 IX.
793 2165 848 2197 ep.
872 2153 930 2188 26.
1146 2162 1149 2163 ’

137 2201 173 2238 3)
197 2199 389 2233 Davisius
406 2199 579 2234 malebat
599 2198 667 2233 ned
686 2209 765 2234 non
785 2198 830 2234 ab
849 2199 923 2236 hio.
