1503 2584
279 126 419 165 mmm
444 125 693 172 QUARTUS.
749 125 856 161 CAP.
881 135 918 172 9.
943 126 997 164 io.
1178 134 1247 169 215

14 269 15 274 ,
72 238 256 268 omnem
289 221 428 264 animi
465 227 628 261 statum
658 219 935 273 inflammat,
975 219 1241 274 conturbat,

14 311 16 314 >
71 282 241 324 incitat.
308 279 462 334 Itaque
492 283 536 318 et
564 276 890 333 aegritudineS,
929 282 974 316 et
993 290 1166 331 mem,
1194 285 1240 318 et

71 338 265 394 reliquae
284 333 645 391 perturbationes
658 348 813 374 omnes
833 332 1084 389 gignuntur
1101 346 1159 374 ex
1171 347 1235 375 ea.

70 508 71 511 ,
204 470 265 512 Χ.
324 469 719 522 Quemadmodum
759 483 900 524 quum
928 469 1108 524 sanguis
1138 483 1240 511 cor-

69 534 229 585 ruptus
251 535 338 582 est,
367 536 437 567 aut
462 526 625 583 pituita
647 525 895 579 redundat,
927 534 1005 566 aut
1025 525 1151 580 bilis,
1186 526 1237 567 in

69 598 257 640 corpore
302 583 452 625 morbi
500 581 916 637 aegrotationesque
961 590 1236 637 nascuntur,

66 641 127 682 sic
148 653 389 697 pravarum
411 638 681 695 opinionum
702 637 1010 691 conturbatio,
1048 644 1092 677 et
1119 638 1240 694 ipsa-

65 711 170 738 rum
193 695 311 738 inter
331 711 376 737 se
396 694 695 751 repugnantia
710 725 722 747 ,
752 693 939 735 sanitate
960 693 1124 749 spoliat
1143 694 1238 736 aniss

65 767 192 794 mum
230 752 486 808 morbisque
517 749 763 806 perturbat.
831 749 904 790 Ex
932 750 1240 804 perturbatio-

67 808 200 851 nibus
218 817 366 851 autem
387 808 587 866 primum
606 806 754 848 morbi
775 805 1102 861 conficiuntur,
1122 820 1237 865 quae

66 884 228 918 vocant
254 876 325 918 illi
354 865 610 928 νεα-ἤματα,
666 889 832 932 eaque,
879 889 990 931 quae
1029 882 1133 916 sunt
1173 873 1237 916 eis

65 933 235 975 morbis
268 932 519 985 contraria,
569 946 679 987 quae
708 931 875 972 habent
904 931 959 971 ad
989 945 1057 973 res
1091 937 1237 972 certas

65 989 269 1031 vitiosam
300 988 593 1031 offensionem
623 995 753 1044 atque
771 987 1028 1042 fastidium,
1075 986 1238 1030 deinde

67 1045 429 1102 aegrotationes,
493 1059 604 1101 quae
652 1043 941 1100 appellantur
995 1059 1019 1085 a
1070 1042 1236 1086 Stoicis

134 1109 147 1123 c

64 1104 98 1154 σι’
113 1107 124 1123 ²
150 1106 421 1169 ωστήματα,
441 1112 595 1167 hisque
614 1112 720 1153 item
733 1111 965 1167 oppositae
985 1111 1238 1154 contrariae

63 1125 349 1213 offensiones.
405 1170 508 1213 Hoc
536 1168 638 1209 loco
667 1167 862 1211 nimium
887 1182 1052 1223 operae
1074 1182 1239 1210 consu-

65 1228 207 1269 mitur
234 1241 258 1267 a
289 1225 476 1281 Stoicis,
512 1224 711 1266 maxime
744 1239 766 1264 a
797 1221 1082 1282 Chrysippo,
1123 1224 1235 1265 dum

65 1282 234 1325 morbis
265 1297 342 1324 cor
377 1296 508 1324 orum
537 1287 828 1336 comparatur
853 1279 1117 1321 morborum
1138 1279 1237 1321 ani-

65 1340 130 1381 mi
147 1338 335 1380 similitu
372 1354 410 1380 ο.
466 1337 569 1395 Qua
588 1337 790 1378 oratione
811 1336 1126 1392 praetermissa
1147 1337 1236 1378 mi-

65 1396 188 1438 nime
225 1395 471 1438 necessaria
492 1425 505 1448 ,
562 1408 638 1445 ea,
693 1406 807 1450 quae
842 1406 938 1433 rem
973 1392 1235 1449 continent,

66 1458 409 1508 pertractemus,
476 1449 766 1505 Intelligatur
796 1448 960 1504 igitur,
1000 1449 1239 1506 perturba-

66 1509 263 1560 tionem,
291 1506 560 1549 iactantibus
589 1519 634 1546 se
665 1504 951 1563 opinionibus
981 1507 1241 1548 inconstan-

68 1571 139 1607 ter
166 1570 212 1606 et
238 1563 444 1616 turbide,
483 1563 532 1606 in
558 1569 688 1604 motu
709 1575 801 1603 esse
821 1576 1020 1618 semper:
1045 1567 1064 1592 ¹
1097 1577 1239 1619 quum

66 1629 217 1664 autem
236 1619 311 1661 hic
331 1618 483 1661 fervor
504 1618 836 1675 concitatioque
856 1619 995 1660 animi
1014 1619 1238 1662 invetera-

64 1678 201 1731 verit,
238 1684 283 1717 et
311 1683 543 1732 tamquam
571 1676 620 1717 in
648 1675 775 1717 Venis
802 1674 1102 1732 medullisque
1120 1675 1239 1719 inse-

68 1734 207 1789 derit,
249 1741 350 1775 tum
375 1732 528 1775 existit
555 1739 600 1775 et
627 1730 840 1788 morbus,
881 1739 927 1773 et
965 1732 1238 1789 aegrotatio,

117 1942 157 1989 ι)
181 1947 221 1977 in
237 1943 326 1977 Pal.
347 1947 384 1985 4.
408 1941 575 1987 legitur:
605 1940 833 1986 intelligatur
861 1938 970 1985 igitur
991 1939 1237 1987 perturbatio-

70 2002 118 2024 ne
155 1988 372 2023 iactantibus
400 1987 639 2033 opinionibus
670 1987 926 2020 inconstanter
956 1995 992 2019 et
1024 1986 1172 2020 turbido
1197 1986 1236 2022 in

73 2034 196 2070 animo
232 2045 353 2070 motus
384 2045 462 2067 esse
499 2045 659 2080 semper.
724 2031 836 2066 Unde
862 2034 1054 2066 Davisius
1082 2035 1238 2070 coniicit

71 2080 295 2127 legendum.-
331 2080 558 2126 intelligatur
586 2080 696 2125 igitur
726 2078 1044 2126 perturbationum
1067 2078 1238 2114 iactanti-

71 2128 138 2161 bus
157 2138 196 2161 oe
208 2125 447 2173 opinionibu·
467 2126 719 2160 inconstanter
731 2135 768 2159 et
787 2123 933 2158 turbide
953 2124 988 2157 in
1011 2125 1135 2159 animo
1158 2139 1237 2160 rno-

71 2184 128 2207 ιυο
151 2183 229 2207 esne
260 2183 420 2218 semper.
472 2172 547 2207 Sed
578 2185 712 2208 veram
735 2183 816 2206 esse
832 2171 1039 2216 vulgatam
1057 2172 1241 2209 ‘viderunt

72 2219 261 2256 Bohertue
284 2228 321 2253 ec
346 2220 536 2266 Wopkens
556 2218 662 2254 Lecc.
690 2218 788 2254 Tull.
808 2217 844 2252 1.
869 2217 924 2250 16.
