1503 2584
280 124 423 165 LIBER
448 123 699 172 QUARTUS.
750 125 854 161 CAP.
881 136 917 161 2.
942 131 982 170 3.
1146 131 1216 168 ²05

50 220 196 280 epulis
223 218 593 274 magistratuum,
630 218 741 261 fides
768 216 1056 276 praecinunt:
1095 216 1218 275 quod

50 276 290 335 proprium
319 275 413 316 eius
447 272 556 330 fuit,
597 274 651 316 de
680 289 767 332 qua
794 275 980 331 loquor,
1020 274 1222 330 discipli·

51 349 149 380 nae.
212 329 333 375 Mihi
361 330 542 387 quidem
575 330 711 374 etiam
744 340 754 362 ¹
790 330 934 388 Appii
962 330 1092 372 Caeci
1122 345 1220 371 car-

50 404 181 444 men,
223 386 344 444 quod
381 385 508 428 valde
547 385 790 430 Panaetius
823 386 980 429 laudat
1025 385 1218 442 epistola
1292 410 1306 417 --

51 445 266 504 quadam,
305 458 417 500 quae
449 451 515 484 est
542 443 596 485 ad
628 444 683 496 Q.
704 444 1021 497 Tuberonem,
1050 442 1222 501 Pytha-

0 499 1 512 *
52 514 236 568 goreum
255 508 271 531 ²
292 500 484 542 videtur.
543 499 693 542 Multa
715 501 851 542 etiam
869 500 1036 542 suntin
1058 499 1221 542 nostris

50 556 270 602 ms'titutis
298 556 432 599 ducta
463 561 481 588 3
517 555 571 598 ab
592 555 707 598 illis:
743 571 857 614 quae
876 564 1135 612 praetereo,
1162 568 1222 597 ne

52 628 128 669 ea,
171 627 284 670 quae
309 612 534 670 peperisse
567 615 590 641 ⁴
627 612 718 668 ipsi
752 620 993 669 putamur,
1036 612 1223 662 aliunde

49 670 256 714 didicisse
286 669 534 712 videamur.
611 667 725 723 Sed,
762 675 816 709 ut
848 668 902 710 ad
934 669 1224 725 propositum

48 727 205 775 redeat
231 725 399 769 oratio:
444 738 580 780 quam
606 724 734 768 brevi
760 732 993 782 tempore,
1039 732 1150 783 quot
1173 732 1227 767 et

83 782 209 826 uanti
229 788 404 840 poetae,
425 781 503 838 qui
521 789 671 824 autem
693 789 893 824 oratores
914 775 1224 824 exstiterunt?

50 800 182 883 {lanne
202 846 253 881 ut
271 844 509 896 appareat,
531 845 714 882 ,nostros
734 839 887 881 omnia
906 839 1124 894 consequi
1142 854 1228 896 po-

50 896 214 950 tuisse,
251 894 387 937 simul
415 902 465 936 ut
493 894 608 936 velle
633 895 898 950 coepissent.
967 893 1057 936 Sed
1078 895 1132 938 de
1154 910 1228 938 ce-

51 953 161 999 teris
189 951 346 994 studiis
374 951 462 992 alio
489 950 591 992 loco
619 958 664 992 et
689 952 916 1009 dicemus,
944 949 983 993 si
1002 964 1108 994 usus
1125 951 1227 997 fue·

54 1010 136 1066 rit,
166 1016 211 1051 et
232 1021 363 1065 saepe
387 1007 597 1049 diximus.
1220 1029 1223 1037 »

196 1120 276 1164 III.
334 1119 588 1177 Sapientiae
608 1119 812 1163 studium
828 1129 956 1164 vetus
975 1120 1024 1163 id
1043 1122 1229 1179 quidem

55 1179 106 1221 in
127 1178 317 1221 nostris:
346 1178 422 1219 sed
441 1184 615 1233 tamen,
643 1185 746 1219 ante
767 1178 913 1220 Laelii
936 1183 1128 1220 aetatem
1145 1212 1158 1235 ,
1183 1188 1229 1223 et

57 1234 283 1291 Scipionis
296 1265 309 1289 ,
335 1247 428 1276 non
447 1235 649 1289 reperio,
678 1248 789 1330 ‹iuos
807 1234 1038 1292 appellare
1057 1236 1229 1289 possim

57 1291 343 1334 nominatim.
400 1289 577 1342 Quibus
603 1290 687 1331 ado
710 1290 985 1344 escentibus,
1021 1291 1228 1334 Stoicum

56 1347 312 1404 Diogenem
352 1353 397 1388 et
422 1345 746 1388 Academicum
783 1346 1062 1388 Carneadem
1095 1349 1228 1391 video

59 1403 116 1446 ad
132 1410 340 1446 senatum
359 1401 413 1444 ab
431 1401 785 1447 Atheniensibus
810 1403 968 1445 missos
995 1417 1088 1447 esse
1109 1405 1233 1461 lega-

59 1466 156 1516 tos,
199 1460 279 1516 qui
312 1473 453 1515 quum
477 1458 546 1499 rei
574 1457 783 1515 publicae
809 1460 983 1502 nullam
1009 1475 1230 1516 umquam

48 1525 236 1579 partem
255 1515 530 1572 attigissent,
557 1521 758 1571 essetque
780 1531 937 1558 eorum
956 1516 1073 1559 alter
1091 1518 1233 1574 Cyre-

58 1587 220 1625 naeus,
257 1572 371 1614 alter
397 1570 700 1628 BabyloniuS,
746 1587 995 1629 numquam
1022 1576 1231 1626 protecto

58 1629 225 1674 scholis
253 1634 401 1670 essent
427 1627 637 1682 excitati,
671 1642 818 1685 neque
847 1630 901 1672 ad
928 1630 1042 1672 illud
1065 1645 1232 1674 munus

60 1685 216 1738 electi,
250 1685 335 1726 nisi
358 1684 407 1726 in
431 1684 698 1740 quibusdam
720 1686 1026 1742 principibus,
1055 1695 1234 1745 tempo-

60 1741 309 1795 ribusjllis,
329 1738 519 1783 fuissent
537 1740 686 1783 studia
707 1742 966 1800 doctrinae;
994 1743 1073 1799 qui
1090 1760 1233 1803 quum

101 1943 147 1997 J)
170 1938 280 1974 etiam
300 1937 452 1974 delevit
471 1938 669 1973 Eme-scius
687 1944 921 1977 auctoritate
937 1942 1036 1977 Mss.
1062 1953 1125 1990 ap.
1149 1944 1234 1979 Da·

64 1997 147 2025 Qus
230 2018 231 2021 ,

113 2031 157 2112 3
183 2031 245 2066 sic
273 2031 474 2066 Emeum
504 2044 526 2064 e
554 2033 652 2067 Alsa.
679 2032 808 2068 Parte.
839 2044 876 2068 ec
901 2033 962 2069 ed.
983 2044 1062 2069 vec.
1107 2036 1233 2084 Vulgo

64 2078 115 2124 Py
160 2088 385 2123 agdi-eorum.

62 2123 246 2206 d;{?„³i⁶
273 2125 412 2159 Deva·
445 2123 541 2160 Em·
574 2137 594 2158 ἒ
623 2125 703 2169 Ms-
727 2124 856 2176 Gueff,
903 2127 1028 2176 Vulgo
1051 2128 1236 2166 edebatur

111 2216 156 2263 4)
181 2215 326 2252 Damio.
347 2216 544 2266 reperisse.
