1503 2584
293 140 436 176 LlBER
459 138 660 177 PRIMUS.
705 137 811 175 CAP.
836 146 896 185 39.
921 145 983 180 40.
1176 145 1225 187 91

58 240 218 293 nullis,
257 235 293 277 si
319 233 411 275 vita
437 232 617 288 longior
641 232 850 289 daretur,
878 238 1029 290 posset
1047 232 1233 276 esaeia-

60 296 263 340 cundior.
320 289 453 332 Nihil
475 297 541 330 est
559 289 683 331 enim
699 288 907 345 profecto
929 288 1104 331 homini
1122 303 1235 345 pru·

61 351 214 396 dentia
242 347 445 402 dulcius3
482 360 644 402 quam,
681 352 733 388 ut
761 352 912 389 cetera
939 344 1140 400 auferat,
1166 344 1235 386 af·

58 408 148 452 sert
167 413 286 448 certe
307 409 524 445 senectus.
565 404 693 455 Quae
712 415 817 443 vero
838 408 958 444 aetas
978 401 1113 457 longa
1131 396 1236 445 est?

60 471 136 508 aut
156 461 263 519 quid
286 458 474 503 omnino
497 459 673 501 homini
693 453 919 515 longum?
978 457 1148 501 Nonne

123 545 249 585 Modo
282 557 458 597 pueros,
506 541 622 581 modo
658 543 962 590 adolescentes,
1001 543 1048 579 in
1085 555 1238 590 curam,

756 614 783 636 (ι
811 607 927 653 tergo
946 601 1168 651 insequens

125 660 214 698 Nec
231 659 453 710 opinantes
472 663 665 694 (exsecuta
686 664 746 693 est-
768 659 780 683 ¹

64 727 307 780 senectus?
365 731 455 773 Sed
474 731 578 788 quia
597 730 714 772 ultra
740 729 858 772 nihil
879 730 1121 785 habemus,
1149 729 1241 776 hoc

64 794 258 848 longum
295 788 501 831 dicimus,
525 795 548 816 2
604 786 774 829 Omnia
808 787 917 844 ista,
961 787 1151 844 perinde
1188 795 1245 830 ut

68 850 230 905 cuique
252 845 352 887 data
374 852 503 900 sunt‚
539 858 625 900 pro
653 850 748 885 rata
783 852 929 900 parte,
969 845 1029 886 ita
1062 852 1075 881 3
1102 843 1245 901 longa

71 912 148 955 aut
165 903 314 946 brevia
335 901 566 943 dicuntur.
616 900 756 957 Apud
778 901 1014 958 Hypanim
1033 899 1245 956 fluvium,

69 961 149 1020 qui
182 960 235 1002 ab
256 959 469 1014 Europae
495 965 624 1055 {mrte
643 957 692 999 in
713 958 911 1000 Pontum
934 956 1110 1012 influit,
1138 957 1248 1000 Ari-

71 1017 254 1060 stoteles
275 1016 335 1057 ait
354 1015 495 1056 bestio
518 1030 562 1056 as
575 1013 791 1070 quasdam
811 1014 949 1070 nasci,
968 1028 1082 1070 quae
1099 1028 1248 1056 unum

73 1075 194 1117 diem
224 1072 389 1114 vivant.
446 1070 521 1112 Ex
544 1070 611 1112 his
632 1070 794 1126 igitur,
824 1070 934 1111 hora
955 1077 1114 1113 octava
1132 1084 1249 1128 quae

72 1137 252 1176 mortua
273 1135 359 1182 est,
394 1134 604 1184 provecta
625 1134 767 1168 aetate
789 1133 970 1168 mortua
997 1135 1090 1184 est3
1131 1142 1249 1184 quae

73 1202 182 1231 vero
211 1184 442 1227 occidente
469 1185 589 1238 sole,
632 1183 883 1240 decrepita3
922 1199 975 1225 eo
1003 1184 1172 1240 magia,
1204 1185 1250 1229 si

75 1244 210 1286 etiam
231 1239 457 1282 solstitiali
476 1240 564 1280 die.
623 1238 793 1280 Confer
817 1247 1018 1281 nostram
1044 1240 1254 1296 longissi-

75 1313 199 1342 mam
228 1303 422 1338 aetatem
448 1310 553 1336 cum
573 1295 861 1350 aeternitate,
895 1295 944 1338 in
967 1296 1122 1338 eadem
1143 1312 1253 1354 pro-

75 1353 325 1413 pemodum
346 1352 586 1408 brevitate,
624 1366 712 1409 qua
729 1350 834 1394 illae
855 1352 1093 1408 bestiolae,
1120 1368 1254 1411 repe-

77 1426 266 1455 nemur.

220 1523 325 1565 XL.
402 1520 759 1563 Contemnamus
805 1521 950 1578 igitur
988 1537 1147 1565 omnes
1184 1523 1258 1566 in-

81 1580 248 1639 eptias:
287 1577 436 1636 (quod
465 1577 589 1619 enim
614 1578 760 1619 lenius
790 1587 810 1616 4
840 1578 946 1620 huic
975 1579 1154 1622 levitati
1173 1596 1258 1623 no-

79 1652 188 1679 men
217 1632 508 1693 imponam‘3)
544 1643 777 1691 totamque
802 1636 894 1679 vim
925 1635 1039 1679 bene
1071 1635 1256 1680 vivendi

82 1695 135 1738 in
163 1694 301 1736 animi
323 1691 487 1733 robore
513 1706 564 1735 ac
595 1693 934 1748 magnitudine,
963 1701 1008 1734 et
1032 1694 1082 1735 in
1109 1695 1258 1736 omni-

83 1766 165 1793 um
192 1764 349 1792 rerum
384 1747 686 1791 humanarum
723 1750 1061 1807 contemptione
1092 1765 1142 1793 ac
1182 1751 1260 1792 de-

84 1806 321 1864 spicientia
349 1813 394 1847 et
422 1804 472 1846 in
498 1806 625 1848 omni
654 1804 817 1849 virtute
839 1821 1074 1864 ponamus.
1133 1808 1258 1851 Nam

143 1996 177 2035 ι)
207 1991 427 2026 Versiculos
447 1991 518 2026 hos
540 2003 624 2025 esse
639 1992 787 2037 primus
807 1990 913 2028 vidie
933 1992 1143 2028 Benelaeiue.

139 2042 176 2079 ²)
201 2040 267 2074 Ita
304 2040 450 2073 Πανί-ν.
494 2051 514 2071 e
539 2036 623 2075 cod.
655 2038 746 2084 fleg.
777 2038 886 2074 Med.
915 2039 1018 2074 Ball.
1048 2040 1197 2076 Eliene.
1223 2047 1263 2083 3·

96 2085 221 2133 Vulgo
249 2085 432 2119 ducimus.

142 2137 179 2174 3)
206 2133 268 2166 sic
292 2132 429 2166 Davis.
452 2143 472 2164 e
493 2128 580 2163 cod.
601 2130 751 2165 Eliens.
780 2131 904 2185 Vulgo
924 2145 944 2168 a
962 2132 1035 2168 vita
1056 2143 1118 2167 aut
1137 2132 1264 2181 longa-

142 2179 186 2225 4)
212 2179 277 2212 Ita
305 2179 447 2212 Davis.
485 2174 610 2224 Woff.
650 2175 775 2226 Vulgo
793 2177 929 2219 levina,
961 2179 1066 2228 quod
1083 2180 1263 2218 Emesam

96 2237 244 2274 quoque
260 2224 423 2271 placuit.
