1503 2584
271 143 336 186 ¹³4
518 139 728 176 TUSCUL.
765 138 1192 177 DISPUTATIONUM

270 234 488 289 lactatus,
524 232 597 274 vel
624 232 775 288 potius
803 230 991 274 adiutus.
1050 232 1148 273 Etsi
1177 232 1300 274 enim
1324 233 1437 274 mihi

275 305 379 332 sum*
412 289 644 341 conscius,
686 302 931 343 numquam
961 302 1032 329 me
1062 288 1192 330 nimis
1223 288 1439 344 cupidum

274 346 411 389 fuisse
429 345 577 387 vitae:
616 351 766 384 tamen
787 344 1080 385 obiiciebatur
1098 344 1325 386 interdum
1346 346 1442 386 ani·-

275 416 351 445 mo
384 409 529 442 metus
589 400 738 440 uidam
776 407 821 440 et
853 399 1005 452 dolor,
1054 399 1297 455 cogitanti,
1339 399 1438 442 sore

275 458 515 515 aliquando
555 416 691 498 iinem
727 455 858 496 huius
896 456 1032 511 lucis,
1079 463 1122 497 et
1154 455 1439 497 amissionem

276 513 483 556 omnium
502 512 617 554 vitae
636 511 995 553 commodorum.
1040 511 1143 552 Hoc
1163 526 1324 567 genere
1345 527 1442 553 mo-

276 569 431 613 lestiae
459 569 545 623 sic,
582 566 695 610 mihi
725 567 880 622 crede,
917 583 1015 608 sum
1044 566 1277 620 liberatus,
1306 576 1356 609 ut
1375 567 1443 609 ni-

275 626 348 668 hil
375 625 525 667 minus
547 623 795 665 curandum
822 631 993 679 putem.
1061 623 1124 663 M.
1147 622 1338 664 Minime
1360 624 1444 664 mi-

275 697 381 725 rum
408 681 456 722 id
483 679 676 736 quidem.
735 679 855 720 Nam
876 679 1010 720 eflicit
1028 679 1115 720 hoc
1134 678 1442 735 philosophia:

279 738 488 783 medetur
507 735 691 790 animis,
718 735 871 776 inanes
891 735 1212 776 sollicitudines
1231 734 1443 790 detrahit,

278 792 600 849 cupiditatibus
619 790 795 843 liberat,
820 791 948 847 pellit
968 792 1163 831 timores.
1224 790 1312 831 Sed
1332 790 1442 832 haec

277 851 373 893 eius
398 848 466 889 vis
492 861 586 888 non
613 846 735 889 idem
764 853 913 903 potest
938 846 1058 899 apud
1085 859 1266 900 omnes3
1292 853 1444 890 tamen

276 905 397 949 Valet
430 903 655 958 multum,
700 917 839 959 quum
872 909 938 942 est
967 902 1177 942 idoneam
1205 902 1442 957 complexa

277 968 501 1003 naturam.
569 959 722 1000 Fortes
752 960 875 998 enim
902 972 995 998 non
1014 958 1148 998 modo
1168 956 1350 999 fortuna
1369 958 1446 999 ad-

278 1017 430 1069 iuvat,
466 1020 520 1054 ut
546 1020 612 1053 est
637 1013 686 1053 in
711 1018 857 1054 vetere
893 1013 1155 1067 proverbio,
1192 1012 1271 1054 sed
1298 1013 1442 1055 multo

277 1071 422 1125 magis
448 1068 588 1122 ratio,
625 1081 736 1123 quae
766 1067 1030 1124 quibusdam
1049 1067 1172 1124 quasi
1194 1069 1446 1124 praeceptis

280 1125 522 1169 confirmat
548 1124 641 1165 vim
669 1123 962 1165 fortitudinis.
1016 1123 1084 1165 Te
1111 1131 1272 1164 natura
1295 1123 1445 1166 excel-

277 1197 382 1228 sum
418 1180 640 1237 quendam
668 1179 879 1221 videlicet
917 1186 961 1220 et
991 1179 1133 1220 altum
1173 1185 1216 1219 et
1247 1180 1443 1222 humana

278 1238 607 1293 despicientem
634 1235 805 1292 genuit.
873 1235 1030 1291 Itaque
1058 1234 1189 1276 facile
1216 1235 1265 1276 in
1293 1236 1444 1278 animo

282 1293 398 1336 forti
417 1300 573 1334 contra
592 1299 782 1333 mortem
804 1291 954 1333 habita
976 1291 1139 1332 insedit
1155 1292 1311 1332 oratio.
1357 1292 1445 1334 Sed

280 1351 394 1394 haec
413 1348 565 1390 eadem
586 1360 697 1388 num
715 1361 866 1388 censes
887 1347 1005 1403 apud
1028 1362 1101 1388 eos
1128 1347 1249 1403 ipsos
1274 1346 1446 1402 valere,

282 1406 369 1450 nisi
396 1404 640 1447 admodum
669 1416 860 1458 paucos,
897 1418 921 1443 a
945 1403 1102 1459 quibus
1124 1404 1327 1459 inventa,
1357 1403 1447 1445 dis-

284 1468 466 1520 putata,
497 1459 753 1515 conscripta
778 1454 919 1500 sunt?
977 1459 1156 1514 Quotus
1178 1459 1300 1500 enim
1328 1459 1449 1516 quis·-

281 1532 369 1575 que
396 1515 776 1574 philosophorum
801 1514 1052 1569 invenitur,
1089 1515 1166 1570 qui
1195 1514 1252 1555 sit
1272 1515 1333 1557 ita
1350 1530 1448 1558 mo-

280 1581 432 1624 ratus,
474 1572 537 1613 ita
565 1570 715 1613 animo
744 1583 793 1610 ac
820 1569 910 1610 vita
937 1571 1229 1622 constitutus,
1264 1579 1315 1612 ut
1332 1572 1446 1614 ratio

283 1623 520 1688 postulat?
561 1626 638 1683 qui
658 1625 939 1681 disciplinam
964 1640 1113 1678 suam,
1141 1641 1235 1668 non
1254 1634 1448 1669 ostenta·-

281 1687 460 1728 tionem
487 1682 719 1735 scientiae,
756 1681 833 1721 sed
859 1681 1005 1737 legem
1028 1683 1143 1723 vitae
1159 1679 1323 1738 putet?
1369 1686 1446 1741 qui

286 1741 570 1797 obtemperet
595 1738 692 1794 ipse
729 1737 812 1778 sibi
843 1745 888 1778 et.
919 1738 1108 1779 decretis
1140 1738 1228 1779 suis
1256 1736 1447 1794 pareat?

286 1798 455 1841 Videre
491 1796 598 1837 licet
633 1794 740 1835 alios
767 1800 888 1833 tanta
917 1794 1092 1835 levitate
1123 1802 1166 1835 et
1185 1794 1447 1851 iactatione,

285 1855 340 1897 iis
370 1861 422 1894 ut
449 1852 589 1893 fuerit
617 1864 710 1891 non
737 1848 940 1890 didicisse
968 1851 1151 1906 melius3
1183 1850 1292 1892 alios
1313 1867 1448 1906 pecu-

286 1910 388 1953 niae
419 1907 631 1964 cupidos,
664 1905 837 1961 gloriae
857 1906 1123 1961 nonnullos,
1159 1907 1326 1947 multos
1349 1908 1450 1950 libi-

288 1967 446 2008 diuum
476 1977 649 2017 serv053
686 1969 737 2002 ut
768 1970 870 2001 cum
892 1975 1046 2002 eei-um
1066 1963 1150 2003 vita
1180 1962 1448 2006 mirabiliter

284 2028 458 2079 pugnet
480 2019 638 2061 oratio.
696 2017 830 2068 Quod
853 2017 1034 2072 quidem
1054 2018 1167 2059 mihi
1187 2019 1359 2060 videtur
1379 2034 1449 2062 es-

287 2093 332 2119 se
361 2075 684 2131 turpissimum.
759 2073 822 2114 'Ut
858 2074 1000 2126 enim,
1039 2074 1074 2114 si
1101 2076 1447 2129 grammaticum

288 2149 331 2176 se
370 2131 595 2188 professus
625 2129 844 2186 quispiam
883 2129 1064 2169 barbare
1095 2131 1328 2186 loquatur,
1366 2140 1447 2174 aut

284 2190 325 2232 si
353 2187 541 2231 absurde
571 2193 699 2229 canat
726 2187 786 2240 is,
828 2185 904 2242 qui
933 2199 977 2227 se
1006 2185 1162 2228 haberi
1182 2186 1290 2231 velit
1305 2189 1447 2237 musi-2
