1503 2584
217 118 262 156 86
468 118 681 155 TUSCUL.
706 118 1134 156 DISPUTATIONUM

222 209 333 250 biles
375 210 524 252 hausit
561 207 875 254 calamitates?
932 212 1058 254 Haec
1096 222 1243 256 morte
1281 214 1395 256 effu·

221 267 434 322 giuntur,
472 267 605 309 etiam
632 267 669 308 si
693 280 787 309 non
814 269 1071 324 evenerint,
1110 278 1263 312 tamen
1290 271 1395 327 quia

221 331 412 378 possunt
429 323 619 364 evenire.
679 322 768 364 Sed
787 323 993 367 homines
1013 340 1064 366 ea
1084 326 1170 368 sibi
1189 326 1393 369 accidere

224 393 349 435 posse
378 394 470 420 non
501 379 715 433 cogitant.
783 379 963 422 Metelli
991 389 1143 437 sperat
1173 382 1258 424 sibi
1277 383 1398 439 quis·

222 449 307 491 que
328 434 581 477 fortunam:
622 434 810 489 perinde
832 437 957 491 quasi
980 444 1057 479 aut
1074 436 1231 494 plures
1253 438 1396 480 fortu-

221 491 319 533 nati
347 491 456 544 sint,
495 505 629 546 quam
656 490 882 546 infelices,
923 499 1000 534 aut
1020 496 1130 534 certi
1150 494 1396 551 quidquam

222 547 279 588 sit
309 546 355 588 in
379 547 513 589 rebus
543 547 775 602 humaniS,
814 554 894 590 aut
910 560 1102 607 ‘sperare
1120 549 1180 591 sit
1199 551 1398 609 pruden-

223 603 339 657 tius,
364 618 500 661 quam
521 604 694 646 timere.

366 715 602 758 XXXVI.
660 715 749 758 Sed
784 716 871 760 hoc
912 717 1061 774 ipsum
1095 717 1396 775 concedatur,

223 771 355 814 bonis
373 772 506 813 rebus
526 771 732 814 homines
752 780 900 816 morte
921 775 1114 830 privari:
1134 789 1240 829 ergo
1260 775 1397 816 etiam

223 843 374 870 carere
412 834 617 871 mortuos
652 829 768 870 vitae
807 830 1081 885 commodis,
1129 831 1264 887 idque
1298 845 1396 872 esse

222 880 478 927 miserum?
537 884 671 926 Certe
704 886 768 926 ita
796 886 948 927 dicant
975 901 1152 928 necesse
1183 894 1261 928 est.
1320 886 1416 928 An⁷

221 949 369 998 potest
391 942 449 994 is,
480 940 554 996 qui
576 956 669 982 non
689 949 779 996 est,
809 957 857 983 re
876 943 969 984 ulla
990 941 1196 985 carere?
1243 942 1397 983 Triste

223 998 346 1039 euim
375 1005 442 1038 est
469 1011 636 1038 nomeu
657 998 805 1052 ipsum
827 998 1056 1043 carendi,
1089 998 1192 1054 quia
1218 998 1400 1040 subiici-

223 1061 302 1095 tur
330 1053 440 1094 haec
465 1053 556 1092 vis:
601 1052 782 1106 habuit,
821 1068 916 1095 non
946 1053 1109 1109 habet,
1150 1054 1399 1109 desiderat,

223 1110 442 1167 requirit,
473 1109 660 1165 indiget.
719 1109 865 1165 Haec,
888 1109 1076 1165 opinor,
1106 1110 1398 1153 incommoda

224 1173 329 1208 sunt
358 1166 560 1207 carentis.
631 1164 767 1207 Caret
799 1165 964 1218 oculis,
1002 1166 1157 1208 odiosa
1186 1166 1395 1208 caecitas:

224 1223 400 1277 liberis3
437 1222 619 1264 orbitas,
682 1222 815 1263 Valet
842 1223 996 1264 hocin
1016 1223 1151 1273 vivis3
1193 1230 1399 1265 mortuo-

223 1295 325 1322 rum
357 1286 508 1320 autem
534 1294 625 1319 non
645 1279 781 1320 modo
800 1279 919 1320 vitae
941 1277 1214 1333 commodis,
1243 1279 1317 1319 sed
1338 1293 1395 1320 ne

225 1337 315 1378 vita
338 1336 520 1394 quidem
542 1334 638 1391 ipsa
661 1336 900 1392 quisquam
923 1342 1056 1376 caret.
1115 1334 1186 1376 De
1207 1335 1398 1376 mortuis

222 1395 410 1449 loquor,
441 1391 521 1448 qui
539 1391 653 1432 nulli
671 1400 788 1433 sunt.
846 1391 968 1446 Nos,
998 1391 1074 1448 qui
1093 1405 1260 1446 summ,
1285 1406 1399 1434 num

224 1450 306 1492 etsi
327 1458 338 1480 ¹
368 1448 579 1490 cornibus
612 1462 842 1503 caremus,
872 1455 949 1489 aut
1002 1447 1154 1502 ermis,
1196 1446 1275 1500 sit,
1319 1447 1397 1504 qui

223 1508 267 1549 id
289 1499 488 1548 dixerit?
524 1505 658 1546 Certe
678 1518 826 1545 nemo.
863 1463 1102 1555 Quitfita?
1130 1503 1235 1560 quia
1256 1518 1398 1559 quum

224 1564 269 1606 id
290 1578 381 1604 non
406 1561 588 1613 habeas,
625 1561 745 1618 quod
767 1560 850 1602 tibi
868 1574 950 1601 nee
978 1575 1085 1612 usu,
1120 1574 1203 1602 nec
1232 1567 1397 1602 natura

224 1621 282 1662 sit
303 1627 485 1676 aptum,
510 1633 603 1659 non
626 1631 791 1672 careas,
821 1619 957 1658 etiam
976 1617 1012 1657 si
1030 1616 1209 1668 sentias,
1238 1623 1282 1658 te
1302 1631 1397 1658 non

223 1676 402 1719 habere.
462 1672 567 1715 Hoc
598 1673 899 1730 premendum
927 1674 1063 1714 etiam
1091 1680 1222 1728 atque
1260 1673 1398 1714 etiam

225 1740 291 1774 est
319 1738 662 1786 argumentum,
703 1729 972 1771 confirmato
999 1729 1105 1784 illo,
1133 1730 1188 1770 de
1217 1742 1327 1784 un
1358 1728 1397 1771 si

224 1789 441 1830 mortales
463 1786 605 1828 animi
623 1794 751 1839 sunt,
792 1785 993 1827 dubitare
1018 1801 1111 1828 non
1133 1799 1398 1841 possumus,

225 1846 333 1902 quin
364 1852 512 1886 tantus
541 1842 750 1885 interitus
777 1843 823 1883 in
850 1849 993 1884 morte
1012 1842 1090 1897 sit,
1119 1848 1169 1882 ut
1186 1855 1242 1882 ne
1262 1841 1397 1883 mini-

226 1917 301 1943 ma
329 1901 512 1959 quidem
540 1900 733 1955 suspicio
761 1913 914 1940 sensus
941 1898 1234 1953 relinquatur.
1291 1897 1395 1938 Hoc

225 1958 364 2016 igitur
385 1956 527 2014 probe
549 1955 770 2010 stabilito,
811 1963 856 1997 et
873 1954 967 1997 fixo
983 1986 995 2010 ,
1023 1953 1139 1996 illud
1161 1953 1397 1995 excutien-

272 2151 310 2198 ι)
343 2152 466 2198 Vulgo
499 2155 567 2186 Aut
597 2151 642 2185 si.
693 2150 770 2187 Sed
799 2156 836 2187 in
863 2150 1008 2185 Eliem.
1037 2160 1071 2184 ει.
1098 2160 1154 2186 esc
1174 2149 1264 2190 etsi,
1292 2149 1395 2195 quod

223 2209 325 2233 recte
341 2199 527 2245 probavit
548 2200 691 2233 Davis.
712 2207 749 2233 ec
775 2195 942 2244 Wolfius
963 2198 1116 2241 recepit.
