1503 2584
303 141 447 179 LIBER
471 140 750 179 SECUNDUS.
795 140 901 178 CAP.
927 142 962 179 6.
992 155 1025 191 7,
1184 157 1249 194 ¹¹7

84 235 312 279 lulnillud
330 235 535 293 quidem,
571 237 647 279 sed
677 236 760 279 alia
790 237 954 294 peiora.
1012 237 1158 296 Ergo,
1192 239 1243 284 id

84 293 202 350 quod
229 299 386 334 natura
413 292 509 348 ipsa
525 326 536 347 ‚
565 301 611 336 et
630 293 848 350 quaedam
866 307 1082 350 generosa
1100 296 1243 338 virtus

81 349 228 391 statim
248 349 441 406 respuit,
472 364 527 390 ne
549 350 753 392 dolorem
776 358 795 381 1
821 364 1047 392 summum
1068 351 1244 396 malum

81 406 271 460 diceres,
321 406 618 462 oppositoque
659 407 878 449 dedecore
916 408 1136 450 sententia
1168 408 1245 449 de-

78 461 320 518 pellerere,
355 461 403 503 in
427 476 479 503 eo
503 464 715 518 magistra
733 464 846 506 vitae
867 462 1152 521 philosophia
1174 472 1244 508 tot

73 518 249 560 saecula
277 526 526 575 permanet.
585 519 719 570 Quod
742 518 846 562 huic
871 519 1094 577 officium,
1124 535 1239 577 quae

73 572 169 615 laus
182 607 194 629 ,
224 574 342 632 quod
360 575 495 616 decus
515 576 600 617 erit
618 575 754 629 tanti,
814 577 904 618 uod
924 576 1113 634 adipisci
1133 592 1240 619 cum

74 630 229 673 dolore
261 632 462 689 corporis
489 632 619 687 velit,
662 632 736 688 qui
807 632 980 674 olorem
1007 638 1240 676 summum

70 686 238 730 malum
257 688 343 731 sibi
360 702 451 730 esse
474 683 776 745 persuaserit?
816 703 950 745 quam
981 704 1117 746 porro
1139 689 1239 747 quis

69 743 393 801 ignominiam,
442 760 576 802 quam
604 744 934 802 turpitudinem
961 761 1054 788 non
1082 753 1240 803 pertu-

68 798 197 857 lerit,
230 809 282 844 ut
299 801 485 858 effugiat
503 802 731 854 dolorem,
761 802 798 844 si
821 801 867 843 id
892 815 1123 843 summum
1142 816 1240 844 ma-

66 856 162 899 lum
190 873 283 900 esse
311 852 596 901 decreverit?
644 858 741 915 quis
775 866 927 900 autem
955 873 1048 900 non
1073 858 1239 914 miser‚'

67 928 160 955 non
178 915 314 957 modo
332 923 466 971 tunc,
496 929 637 973 quum
656 918 887 971 'premetur
903 915 1091 956 summis
1110 915 1239 958 dolo-

65 970 215 1027 ribus,
244 973 281 1014 si
301 972 348 1014 in
368 971 436 1013 his
457 980 521 1013 est
539 985 770 1013 summum
788 971 977 1026 malum,
1002 972 1078 1015 sed
1100 972 1237 1014 etiam

68 1042 207 1083 quum
236 1028 346 1072 sciet
372 1027 418 1068 id
447 1027 531 1069 sibi
558 1041 686 1083 posse
708 1022 925 1070 evenire?
962 1034 1007 1068 et
1027 1028 1125 1085 quis
1143 1034 1236 1085 est,

66 1084 140 1125 cui
169 1099 263 1126 non
282 1078 456 1142 possit?
514 1083 582 1132 Ita
601 1082 679 1139 fit,
707 1089 760 1129 ut
780 1083 966 1127 omnino
986 1098 1121 1130 nemo
1140 1095 1236 1128 esse

64 1140 205 1199 possit
224 1140 393 1196 beatuS.

205 1253 308 1297 VII.
367 1253 660 1300 Metrodorus
689 1252 874 1309 quidem
900 1267 1007 1297 eum
1034 1252 1236 1311 perfecte

65 1318 196 1371 putat
228 1310 435 1366 beatum,
477 1310 551 1351 cui
595 1324 756 1366 corpus
791 1310 904 1351 bene
931 1312 1234 1354 constitutum

64 1368 144 1421 sit,
175 1376 220 1409 et
237 1366 550 1424 exploratum,
573 1366 636 1407 ita
652 1380 831 1422 semper
850 1366 961 1409 fore.
1019 1366 1132 1419 Quis
1153 1381 1235 1409 au-

64 1431 158 1465 tem
186 1431 250 1466 est
276 1423 383 1477 iste,
427 1422 502 1463 cui
537 1422 584 1464 id
613 1422 903 1481 exploratum
933 1423 1075 1480 possit
1101 1420 1232 1466 esse?

63 1479 288 1537 Epicurus
319 1494 422 1522 vero
451 1493 500 1520 ea
529 1479 662 1533 dicit,
695 1485 749 1520 ut
771 1478 890 1525 mihi
907 1480 1088 1536 quidem
1110 1479 1229 1522 risus

63 1544 241 1593 captare
266 1536 482 1579 videatur.
545 1534 759 1581 Affirmat
785 1535 910 1578 enim
938 1537 1135 1591 quodam
1161 1535 1231 1578 lo-

63 1608 143 1650 co,
179 1596 221 1636 si
251 1606 420 1637 uratur
445 1595 663 1653 sapiens,
704 1594 747 1635 si
766 1596 1032 1641 crucietur5
1068 1606 1229 1649 exspe-

63 1658 154 1693 ctas
175 1650 364 1694 fortasse
387 1650 495 1691 dum
520 1649 663 1690 dicat:
703 1653 944 1708 pacietur,
983 1648 1226 1706 perferet,

0 1708 1 1726 ¹
64 1724 164 1750 non
191 1707 478 1752 succumbet.
545 1706 715 1762 Magna
742 1705 1000 1748 mehercule
1028 1705 1151 1759 laus,
1182 1714 1228 1747 et

62 1778 115 1806 eo
134 1765 258 1821 ipso,
286 1778 369 1824 per
385 1777 520 1819 quem
538 1762 707 1819 iuravi,
735 1761 937 1807 Hercule
960 1761 1121 1819 digna3
1146 1762 1226 1805 sed

63 1820 290 1876 Epicure,
320 1819 492 1861 homini
514 1832 668 1875 aspero
697 1826 741 1860 et
767 1819 906 1874 duro,
926 1833 1021 1861 non
1051 1825 1117 1861 est
1134 1818 1222 1860 hoe

63 1879 187 1921 satis:
240 1878 299 1920 In
335 1876 621 1919 Phalaridis
659 1888 799 1919 tauro
829 1878 871 1919 si
903 1877 1018 1922 eric,
1066 1875 1249 1917 dicet(

68 1935 221 1991 Quam
239 1950 389 1978 suave
409 1946 478 1977 esc
495 1932 616 1979 hoc!
634 1934 652 1960 ‘
684 1948 829 1996 quam
848 1933 941 1978 lzoc
961 1948 1061 1976 non
1081 1930 1224 1976 curo!

115 2096 150 2141 ι)
179 2107 227 2130 ne
256 2107 334 2130 esee
364 2095 531 2130 dolorem
562 2096 663 2129 coni.
682 2095 828 2130 Davis.
859 2097 896 2129 in
914 2092 1064 2129 Etiens.
1085 2104 1121 2129 ιι
1144 2103 1223 2131 oue

63 2142 232 2177 dolorem
255 2148 292 2178 in
308 2142 398 2188 Reg.
418 2151 452 2183 5.
474 2140 584 2176 Aleti.
608 2142 700 2175 Bak‘
726 2153 774 2175 ne
793 2152 832 2175 se
852 2140 1038 2174 dolorem.

108 2197 142 2228 α)
171 2189 384 2224 pronomen
411 2189 486 2224 hnc
520 2188 651 2224 omisit
675 2188 825 2224 Davis.
865 2186 969 2234 quod
997 2187 1108 2224 abest
1135 2184 1226 2227 cod.

61 2237 211 2272 Eliens.
235 2242 271 2277 3.
