1503 2584
310 133 453 170 mmm
481 133 731 180 QUARTUS.
780 133 885 170 cir.
920 147 954 182 7.
979 143 1017 177 3.
1184 147 1247 172 211

76 227 159 271 Est
178 227 316 284 igitur
335 226 608 284 aegritudo,
639 226 793 284 opinio
813 241 969 269 reeens
988 228 1098 270 mali
1118 244 1247 286 prae-

79 284 238 338 sentis,
265 282 312 324 in
333 296 421 337 quo
442 281 617 324 demitti
645 284 937 340 contrahique
957 285 1107 327 animo
1132 295 1146 319 ¹
1174 302 1245 329 re-

78 349 199 382 ctum
237 352 329 380 esse
357 337 586 395 videatur3
638 339 858 386 laeticia,
900 339 1053 396 opinio
1086 356 1240 385 recens

77 395 184 438 boni
208 395 478 451 praesentis,
514 395 561 436 in
583 410 671 451 quo
692 393 847 437 efferri
865 404 1041 438 rectum
1065 412 1158 439 esse
1177 399 1242 441 vi-

76 451 258 504 deatur,
287 461 451 496 metus,
475 451 631 506 opinio
650 451 953 508 impendentis
972 452 1099 509 mali,
1119 454 1240 511 quod

74 506 355 549 intolerabile
378 521 467 547 esse
488 507 717 561 videatur3
748 507 928 554 libido,
961 509 1114 565 opinio
1135 525 1240 553 ven-

73 562 166 604 turi
194 562 325 616 boni,
363 562 483 619 quod
506 562 564 604 sit
592 575 649 604 ex
676 577 759 604 usu
789 563 879 605 iam
905 577 1112 620 praesens
1145 580 1238 609 esse

74 624 206 674 atque
235 617 399 660 adesse.
457 617 544 660 Sed
571 633 683 674 quae
710 618 898 674 iudicia,
928 634 1124 677 quasque
1143 623 1242 679 opi-

70 673 231 716 niones
261 674 654 730 perturbationum
681 688 773 715 esse
803 675 923 728 dixi,
962 690 1064 724 ,non
1091 678 1140 719 in
1177 679 1239 720 eis

69 729 434 786 perturbationes
459 730 607 772 solum
635 730 803 786 positas
832 745 924 772 esse
951 731 1133 789 dicunt,
1167 747 1242 775 ve-

69 799 173 827 rum
204 785 283 827 illa
319 786 476 840 etiam,
509 792 530 817 2
573 800 684 842 quae
713 785 970 829 efficiuntur
1004 789 1243 844 perturba-

71 840 297 896 tionibus,
333 850 384 883 ut
412 843 644 898 aegritudo
671 843 798 898 quasi
822 857 1024 885 morsum
1043 845 1240 901 aliquem

75 896 241 939 doloris
260 898 444 952 efficiat,
474 909 632 954 metus,
657 913 878 940 recessum
900 900 1125 956 quendam
1145 902 1242 943 ani-

73 953 136 995 mi
175 962 219 996 et
255 953 435 1009 fugam,
478 955 644 996 laetitia
674 953 907 1011 profusam
943 954 1241 1011 hilaritatem3

75 1009 216 1052 libido
245 1011 507 1052 effrenatam
538 1012 852 1067 appetentiam.
912 1012 1241 1069 Opinationem

79 1073 226 1108 autem
243 1099 255 1120 ,
287 1081 419 1121 quam
441 1067 488 1108 in
510 1081 665 1108 omnes
683 1067 969 1110 definitiones
990 1071 1241 1126 superiores

72 1122 336 1164 inclusimus
357 1154 370 1178 ,
424 1124 582 1165 volunt
631 1138 722 1166 esse
769 1124 1046 1167 imbecillam
1093 1140 1240 1168 assen-

76 1193 260 1221 sionem.

214 1312 342 1357 VIII.
390 1311 474 1355 Sed
495 1313 682 1369 singulis
699 1314 1116 1372 perturbationibus
1137 1331 1240 1374 par·

76 1377 141 1413 tes
182 1369 379 1412 eiusdem
416 1371 590 1426 generis
629 1372 780 1427 plures
817 1371 1144 1415 subiiciuntur:
1190 1383 1242 1417 ut

78 1426 400 1484 aegritudini,
440 1426 685 1468 invidentia
724 1426 971 1486 (utendum
1000 1437 1066 1470 est
1094 1431 1240 1484 enim,

78 1482 268 1525 docendi
288 1498 416 1524 causa
431 1513 442 1534 ,
473 1482 609 1523 verbo
630 1483 777 1526 minus
796 1484 988 1539 usitato,
1027 1488 1242 1541 quoniam

76 1538 245 1580 invidia
265 1554 357 1579 non
379 1538 425 1580 in
446 1554 522 1591 ec,
553 1541 627 1594 qui
648 1540 841 1593 invidet,
878 1540 1024 1582 solum
1050 1543 1240 1598 dicitur,

76 1595 151 1636 sed
173 1595 303 1636 etiam
322 1595 370 1636 in
389 1610 465 1650 eo,
497 1595 568 1636 cui
588 1594 839 1655 invidetur)
868 1598 1132 1655 aemulatio,
1163 1600 1242 1641 ob·

75 1651 307 1705 trectatio,
347 1651 680 1706 misericordia,
719 1667 886 1709 angor,
919 1654 1092 1709 luctus,
1122 1671 1244 1698 mae-

76 1722 175 1760 ror,
206 1722 446 1760 aerumna,
473 1708 628 1762 dolor,
655 1708 942 1764 lamentatio,
967 1708 1240 1766 sollicitudo,

76 1763 306 1818 molestia,
354 1763 606 1816 afflictatio,
653 1764 926 1820 desperatio,
969 1773 1012 1807 et
1050 1767 1087 1808 si
1124 1783 1238 1824 quae

78 1827 182 1862 sunt
210 1820 263 1862 de
294 1834 459 1876 genere.
489 1820 661 1862 codem.
736 1821 828 1863 Sub
859 1835 987 1864 metu
1023 1828 1040 1854 3
1087 1831 1239 1867 autem

79 1876 274 1918 subiecta
301 1884 406 1917 sunt
431 1876 635 1933 pigritia,
675 1877 846 1934 pudor,
876 1886 1049 1934 terror,
1075 1881 1238 1931 timor,

79 1946 248 1989 pavor,
303 1934 606 1990 exanimatio,
660 1934 947 1976 conturbatio
969 1968 981 1991 ,
1026 1937 1238 1979 formido.

132 2117 169 2163 ι)
198 2117 376 2152 Pearcius
397 2118 566 2153 malebat
589 2120 745 2154 animoa.

128 2165 168 2209 2)
196 2165 337 2197 Davis.
362 2165 532 2200 malebat
555 2179 677 2200 verum
697 2167 733 2200 in
756 2166 828 2200 illis
851 2168 973 2203 etiam.

127 2212 168 2258 3)
201 2210 262 2244 Sic
289 2211 410 2257 Woff.
451 2213 587 2259 'Vulgo
609 2213 675 2248 sub
698 2224 850 2249 metum.
