1503 2584
362 179 506 214 LIBER
536 177 736 214 PRIMUS.
786 178 889 214 CAP.
923 190 979 213 ιο.
1187 183 1236 227 47

70 277 293 319 animum:
330 271 457 314 cuius
476 271 781 328 principatum
795 301 808 326 ‚
836 269 882 312 id
903 278 969 312 est
987 270 1233 326 rationem,

69 333 117 375 in
138 329 306 386 capite,
348 328 528 370 sicutin
559 343 683 382 arce,
722 327 895 382 posuit:
937 333 982 368 et
1002 326 1111 368 duas
1133 344 1236 382 par-

69 395 133 428 tes
159 400 314 443 parere
343 384 518 438 voluit,
547 384 661 425 iram
690 391 736 425 et
762 383 1087 439 cupiditatem,
1126 398 1235 439 quas

66 443 176 486 locis
199 441 426 494 disclusit3
448 450 461 472 1
494 441 609 481 iram
634 440 677 480 in
701 446 908 496 pectore,
941 440 1237 495 cupiditatem

69 498 222 539 subter
239 496 502 554 praecordia
523 497 701 537 locavit.
760 495 1064 537 Dicaearchus
1084 502 1236 537 autem

67 554 115 596 in
134 569 186 595 eo
207 566 438 608 sermone,
479 567 613 608 quem
633 551 845 593 Corinthi
868 552 1074 593 habitum
1093 551 1238 594 tribus

13 631 18 635 ’
68 609 192 652 libris
222 609 440 665 exponit,
476 609 717 650 doctorum
744 607 984 649 hominum
1007 608 1240 664 disputan·

65 666 199 719 tium,
223 668 375 721 primo
395 664 511 706 libro
532 663 701 704 multos
720 663 952 720 loquentes
970 663 1098 705 facit:
1130 664 1242 705 duo·-

67 721 150 762 bus
171 721 488 764 Pherecratem
520 719 742 776 quendam
768 719 1033 761 Phthiotam
1059 722 1240 776 senem,

68 791 203 834 quem
223 778 283 819 ait
302 793 322 818 a
348 777 624 818 Deucalione
646 782 795 816 ortum
811 807 824 830 ,
857 776 1151 817 disserentem
1170 775 1242 817 in-

70 832 196 875 ducit
209 864 220 884 ,
258 833 374 874 nihil
392 845 484 873 esse
504 832 689 874 omnino
714 832 915 873 animum
930 864 942 888 ,
973 840 1018 873 et
1038 833 1124 873 hoc
1145 845 1240 873 esse

68 900 238 930 nomen
267 893 416 927 totum
447 886 602 940 inane,
650 885 904 941 frustraque
934 894 977 928 et
1004 886 1241 944 animalia,

69 951 115 986 et
143 943 391 984 animantes
419 940 664 999 appellari3
709 956 856 997 neque
883 943 932 984 in
959 942 1142 985 homine
1170 943 1241 986 in-

71 1013 166 1043 esse
186 999 403 1054 animum,
428 999 500 1040 vel
521 998 715 1039 animam
730 1028 742 1051 ,
772 1013 855 1039 nec
875 999 924 1039 in
942 999 1102 1041 bestia:
1127 1000 1241 1041 vim-

72 1069 159 1111 que
189 1069 368 1096 omnem
401 1069 523 1105 eam,
567 1069 654 1109 qua
682 1053 756 1096 vel
785 1069 970 1110 agamus
997 1056 1133 1111 quid,
1167 1056 1241 1098 vel

72 1112 340 1164 sentiamus,
370 1111 417 1152 in
438 1110 646 1152 omnibus
666 1111 928 1164 corporibus
951 1111 1062 1153 vivis
1079 1127 1241 1168 aequa-

72 1167 236 1209 biliter‘
251 1182 343 1208 esse
371 1167 541 1219 fusam,
581 1181 663 1207 nec
682 1167 979 1222 separabilem
999 1182 1023 1208 a
1047 1183 1240 1224 corpore

72 1238 189 1277 esse,
220 1222 386 1278 quippe
405 1237 517 1278 quae
543 1222 667 1263 nulla
690 1222 771 1274 sit,
801 1237 883 1263 nec
903 1224 959 1264 sit
979 1224 1239 1281 quidquam,

71 1279 160 1320 nisi
181 1293 344 1334 corpus
363 1293 529 1330 unum,
565 1286 610 1318 et
630 1278 844 1334 simplex.
883 1279 945 1320 ita
966 1280 1212 1335 figuratum
1227 1313 1241 1337 ,

71 1343 123 1377 ut
160 1335 485 1390 temperatione
528 1340 716 1375 naturae
746 1334 930 1390 rideat,
979 1343 1024 1378 et
1063 1336 1239 1385 sentiat.

73 1389 344 1434 Aristoteles
371 1389 506 1445 longe
538 1390 748 1431 omnibus
778 1391 1038 1449 (Platonem
1062 1407 1240 1449 semper

73 1444 280 1505 excipio)
316 1455 546 1501 praestans
583 1452 627 1486 et
664 1446 870 1502 ingenio,
911 1456 955 1489 et
984 1448 1239 1506 diligentia,

73 1518 215 1561 quum
236 1509 429 1558 quatuor
446 1510 552 1544 nota
570 1502 649 1544 illa
673 1504 690 1528 ²
721 1518 885 1558 genera
904 1505 1238 1560 principiorum

73 1568 188 1603 esset
218 1559 505 1615 compleXUS,
545 1574 568 1601 e
602 1559 762 1614 quibus
798 1561 950 1602 omnia
987 1562 1238 1619 orirentur,

73 1616 279 1673 quintam
307 1615 534 1671 quandam
562 1622 768 1657 naturam
794 1625 943 1659 censet
963 1632 1075 1673 esse,
1104 1634 1127 1660 e
1148 1633 1239 1674 qua

74 1672 132 1716 sit
152 1687 292 1714 mens.
352 1671 559 1727 Cogitate
580 1672 724 1726 enim,
753 1680 797 1714 et
817 1674 1081 1730 providere,
1109 1683 1153 1717 et
1171 1675 1238 1716 di-

74 1743 222 1784 scere,
259 1735 304 1769 et
330 1727 514 1782 docere,
552 1736 593 1769 et
620 1728 823 1770 invenire
846 1729 1039 1785 aliquid,
1081 1739 1124 1773 et
1144 1739 1236 1775 tam

75 1786 221 1826 multa
241 1784 338 1839 alia,
370 1785 642 1838 meminisse,
674 1800 840 1841 amare,
862 1786 1021 1842 odisse,
1046 1802 1236 1845 cupere,

76 1842 260 1896 timere,
291 1840 419 1896 angi,
448 1841 625 1882 laetari:
652 1840 785 1896 haec,
817 1850 860 1883 et
879 1843 1040 1885 similia
1062 1859 1236 1899 eorum,

76 1897 127 1939 in
146 1899 313 1939 horum
332 1903 522 1954 quatuor
538 1911 756 1954 generum
774 1898 902 1940 nullo
922 1898 1064 1942 inesse
1083 1909 1238 1957 putat3

126 2068 165 2116 ι)
190 2071 327 2107 Davis,
352 2069 466 2108 ecod,
483 2070 624 2105 Eliaenr,
648 2070 772 2106 edidit
793 2083 880 2119 quaa
902 2071 994 2106 locis
1013 2071 1099 2111 ouis,
1123 2077 1237 2109 omis·

76 2125 118 2149 ,νο
139 2116 258 2149 verbo
278 2115 462 2156 disclusit,
489 2129 586 2163 quae
608 2123 723 2151 etiam
745 2118 853 2152 abest
876 2118 962 2152 cod.
986 2119 1077 2165 Reg.

124 2165 160 2202 2)
187 2170 275 2195 nota
295 2175 320 2195 a
333 2163 518 2196 Lamhtao
535 2163 652 2198 Gebh.
675 2165 853 2197 omissum
875 2171 1077 2198 revocavit
1087 2167 1234 2200 Davis.

79 2218 129 2241 ex
150 2206 237 2240 edd.
258 2218 352 2242 vett.
375 2218 412 2241 et
430 2211 528 2244 ,AI-rs.
573 2209 746 2247 Eandem
776 2211 825 2243 ab
845 2210 1021 2246 Ernescio
1053 2210 1236 2256 repudia-

77 2263 155 2286 tam
183 2252 303 2293 Wolf,
333 2258 512 2290 restituit.
