1503 2584
307 119 463 158 fusim
489 118 741 166 Qum-rus.
789 119 892 157 cAP.
915 120 956 166 a.
1149 127 1218 172 ιο,

57 219 241 273 bimus,'
273 213 528 271 nulliusque
571 215 705 256 unius
745 211 1007 270 disciplinae
1043 212 1219 273 legibus

57 271 277 328 adstricti,
311 270 473 327 quibus
492 271 540 311 in
564 269 852 328 philosophia
870 272 1121 314 necessario
1141 287 1222 330 pa·

56 343 256 384 reamus,
292 326 400 384 quid
429 326 486 368 sit
513 327 559 368 in
581 341 753 384 quaque
775 340 824 368 re
843 327 1038 368 maxime
1056 330 1223 384 proba·

56 388 174 441 bilo,
214 398 392 440 semper
418 383 724 439 requiremus3
767 383 885 440 quod
918 397 1058 448 quum
1089 399 1221 442 saepe

56 443 185 494 alias,
205 448 304 482 tum
322 453 468 496 nuper
488 440 533 481 in
545 438 805 482 Tusculano
823 438 1018 481 studiose
1037 442 1222 497 egimuS.

56 500 210 554 Itaque
239 497 458 553 expositis
484 495 623 537 tridui
651 494 1055 551 disputationibus,
1092 512 1225 554 quar-

57 563 128 597 tus
156 553 247 595 dies
273 552 360 594 hoc
389 552 505 593 libro
534 551 838 593 concluditur.
870 560 884 584 ¹
944 551 1004 593 Ut
1033 554 1223 598 enimin

53 610 318 662 inferiorem
349 607 702 650 ambulationem
731 606 1066 665 descendimus,
1103 610 1224 667 quod

54 664 307 714 feceramus
334 664 455 707 idem
481 661 792 720 superioribus
819 661 998 718 diebus,
1033 672 1134 709 acta
1151 681 1224 718 res

54 728 123 763 est
138 722 215 762 sic.
1081 736 1083 738 ’

197 775 264 818 Μ.
293 772 454 831 Dicat,
483 772 522 816 si
540 770 638 831 quis
656 770 755 816 vult
768 805 783 829 ‚
819 789 905 831 qua
923 772 979 818 de
996 791 1051 821 re
1070 774 1225 837 dispu-

57 832 148 876 tari
175 832 298 875 velit.
361 832 420 873 A.
450 832 558 873 Non
583 829 697 871 mihi
724 829 908 873 videtur·
934 835 1058 876 omni
1085 835 1227 880 animi

55 887 399 946 perturbatione
436 902 560 944 posse
590 886 767 942 sapiens
797 901 969 930 vacare.
1013 887 1106 932 ΔΜ.
1136 892 1227 935 Ae-

89 945 286 988 ritudine
309 944 505 1000 quidem
533 944 742 985 hesterna
769 943 1076 1001 disputatione
1102 948 1228 990 vide-

58 960 217 1044 {aturz
253 1001 340 1043 nisi
358 1001 475 1042 forte
495 998 713 1055 temporis
734 1013 865 1042 causa
884 1000 1013 1045 nobis
1033 1012 1051 1034 2
1081 1018 1230 1047 assen-

57 1058 244 1101 tiebare.
298 1058 355 1098 A.
384 1056 578 1099 Minime
596 1069 718 1098 vero-
776 1057 897 1100 Nam
915 1058 1033 1100 mihi
1051 1063 1231 1118 egregie

59 1114 251 1172 probata
280 1121 345 1156 est
363 1112 508 1155 oratio
529 1120 620 1154 tua.
677 1111 745 1153 M.
775 1112 884 1156 Non
911 1114 1053 1170 igitur
1077 1116 1232 1160 existi-

60 1185 158 1214 mas
194 1170 352 1213 cadere
387 1170 435 1212 in
473 1170 717 1226 sapientem
746 1167 1114 1226 aegritudinem?
1172 1175 1230 1217 A.

60 1228 251 1271 Prorsus
277 1242 370 1269 non
400 1225 604 1267 arbitror.
664 1226 730 1268 M.
754 1225 920 1282 Atqui,
951 1227 989 1267 si
1016 1228 1102 1271 ista
1122 1244 1231 1284 per-

61 1283 245 1326 turbare
280 1283 485 1325 animum
521 1296 565 1322 sa
602 1281 734 1323 ientis
770 1296 862 1324 non
891 1291 1062 1340 potest,
1103 1285 1230 1329 nulla

62 1340 249 1397 poterit.
296 1340 421 1393 Quid
439 1337 558 1380 enim
577 1373 586 1382 .
625 1345 830 1379 metusne
850 1337 1126 1384 conturbet?
1161 1344 1229 1385 At

64 1410 221 1438 earum
259 1410 412 1438 rerum
443 1401 502 1436 es!
538 1394 795 1436 absentium
822 1401 995 1450 metus,
1033 1411 1229 1454 quarum

63 1452 360 1510 praesentium
401 1456 466 1492 est
491 1449 754 1508 aegritud03
789 1450 962 1493 sublata
989 1453 1131 1509 igitur
1159 1471 1232 1498 ae-

61 1508 289 1564 gritudine
313 1506 513 1549 sublatus
533 1516 600 1549 est
631 1512 647 1539 3
681 1515 841 1549 metus.
897 1508 1089 1552 Restant
1115 1511 1230 1554 duae

61 1564 448 1622 perturbationes,
493 1562 661 1606 laetitia
707 1565 930 1621 gestienS‚
983 1574 1027 1608 et
1064 1566 1230 1611 libido:

63 1634 177 1677 quae
195 1621 341 1663 sinon
360 1619 521 1662 cadent
537 1621 586 1662 in
605 1620 879 1676 sapientem,
907 1636 1083 1680 semper
1101 1638 1230 1667 mens

63 1678 150 1719 erit
168 1676 414 1735 tranquilla
433 1676 660 1731 sapientis.
713 1676 770 1718 A.
802 1677 874 1718 Sic
894 1692 1079 1733 prorsus
1098 1679 1229 1723 inlel-

62 1732 171 1790 ligo.
230 1733 294 1776 Μ.
325 1731 494 1775 Utrum
520 1733 662 1788 igitur
693 1728 872 1776 mavis?
907 1735 1118 1778 statimne
1147 1753 1229 1780 nos

63 1791 159 1832 vela
181 1788 352 1843 facere,
384 1804 440 1831 an
461 1789 587 1876 Quasi
605 1804 628 1830 e
650 1795 788 1844 portu
807 1789 1082 1846 egredientes
1100 1794 1231 1849 paul·

64 1840 214 1895 lulum
232 1846 454 1901 remigare
472 1879 482 1889 .
535 1845 593 1888 A.
611 1845 843 1902 Quidnam
863 1853 929 1889 est
949 1844 1108 1893 istud?
1136 1865 1231 1893 non

69 1903 188 1945 enim
205 1902 426 1959 intelligo.

92 2083 95 2085 ·
116 2067 150 2105 ι)
176 2062 546 2100 concludetur·dedit
562 2064 659 2100 Em.
680 2077 712 2102 ο.
733 2062 889 2102 Bokeria·
907 2068 1002 2103 Mes.

72 2136 74 2139 -
114 2114 153 2152 ²)
175 2109 452 2146 nebu-addidit
467 2115 561 2146 Asc.
586 2112 735 2148 Viam.
755 2113 1082 2150 Lamhtn.Dav1·s.
1101 2115 1228 2158 Wolf.

114 2161 152 2199 3)
181 2155 296 2191 codd.
324 2157 438 2205 Regg.
468 2156 559 2193 pith
603 2157 710 2192 Med.
737 2159 897 2194 Balliol.
931 2161 982 2199 al,
1011 2171 1047 2196 et
1065 2162 1227 2197 sublatus

71 2213 126 2241 est
144 2212 277 2238 metus.
324 2203 467 2239 Davis.
492 2216 596 2239 com.
617 2205 729 2240 etiam
749 2204 912 2242 sublatur
933 2217 989 2243 est
1007 2217 1140 2243 metm.
