1503 2584
391 148 535 186 LIBER
559 148 761 186 PR1MUS.
809 149 913 185 CAP.
936 155 971 193 3.
997 148 1038 195 252
1250 154 1298 198 37

124 247 310 301 sentiat,
341 245 392 287 'et
411 243 482 300 id,
517 244 637 301 quod
665 244 824 299 sentit,
863 242 1008 301 polite
1029 241 1178 299 eloqui
1194 258 1289 287 non

120 303 272 361 possit.
342 301 430 343 Sed
457 300 671 342 mandare
698 314 968 357 quemquam
995 299 1137 341 literis
1166 300 1290 356 cogi-

122 359 310 400 tationes
328 372 455 414 suas,
483 357 562 414 qui
579 370 652 398 eas
672 371 756 397 nec
779 356 1040 411 disponere,
1071 370 1155 397 nec
1184 356 1291 396 illu-

118 423 259 457 strare
287 414 450 470 possit,
488 427 570 454 nec
596 412 894 455 delectatione
921 412 1071 468 aliqua
1103 410 1288 453 allicere

115 470 359 524 lectorem,
396 469 551 512 homin
562 468 596 509 is
625 475 692 510 est
718 468 1076 524 intemperanter
1100 467 1288 509 abuten-

116 526 173 568 tis
202 534 246 569 et
271 527 392 581 otio,
429 533 475 568 et
502 525 659 567 literis.
727 523 884 581 Itaque
914 539 1016 566 suos
1035 524 1172 566 libros
1194 524 1286 579 ipsi

113 582 274 639 legunt
296 596 400 623 cum
421 582 533 634 suis,
563 595 645 622 nec
666 579 899 638 quisquam
924 580 1128 637 attingit,
1157 593 1286 637 prae-

113 647 185 681 ter
210 653 308 694 eos,
346 637 422 695 qui
449 637 638 680 eandem
671 636 905 680 licentiam
933 635 1159 678 scribendi
1197 636 1284 678 sibi

146 695 315 737 ermitti
349 695 530 737 volunt.·
599 693 754 746 Quare
788 693 825 735 si
854 691 1025 757 aliquid
1057 692 1284 734 oratoriae

109 709 235 793 findi
260 763 265 779 ¹
299 757 452 792 nostra
479 749 714 792 attulimus
739 749 985 803 industria,
1021 748 1169 791 multo
1188 756 1284 789 stu-

109 807 275 849 diosius
301 806 617 864 philosophiae
642 805 792 848 fontes
820 805 1098 867 aperiemus,
1140 820 1163 847 e
1182 804 1281 865 qui-

109 864 190 906 bus
212 863 348 906 etiam
366 863 446 906 illa
462 863 719 907 manabant.
744 870 764 896 2

245 976 329 1020 IV.
387 977 500 1032 Sed,
528 984 580 1018 ut
601 975 894 1031 Aristoteles,
921 976 992 1018 vir
1011 975 1278 1017 summo‘in-

108 1033 265 1089 genio,
310 1033 519 1086 scientia,
566 1033 721 1089 copia,
744 1036 760 1060 ³
809 1046 951 1087 quum
985 1040 1135 1073 motus
1163 1038 1278 1073 esset

107 1089 316 1132 Isocratis
344 1089 541 1132 rhetoris
569 1088 735 1146 gloria,
783 1089 931 1131 dicere
962 1088 1097 1129 etiam
1127 1087 1279 1143 coepit

107 1145 412 1188 adolescentes
433 1146 654 1198 docere‚⁴
683 1151 728 1187 et
749 1144 1038 1200 prudentiam
1058 1158 1162 1186 cum
1182 1144 1276 1185 elo-

107 1203 290 1258 quentia
319 1202 532 1266 iungere:
581 1202 643 1242 sic
671 1201 799 1242 nobis
832 1200 979 1256 placet
1014 1215 1097 1242 nee
1125 1200 1278 1256 pristi-

105 1272 218 1299 num
239 1258 416 1299 dicend1
433 1257 633 1298 studium
652 1256 878 1312 deponere
891 1288 903 1310 ,
943 1263 988 1297 et
1005 1256 1053 1297 in
1071 1256 1156 1296 hac
1178 1270 1274 1297 ma-

104 1314 225 1369 iore,
249 1322 294 1355 et
309 1313 520 1354 uberiore
539 1320 634 1354 arte
653 1312 832 1354 versari.
872 1311 1007 1354 Hanc
1031 1312 1152 1353 enim
1172 1325 1276 1369 per«

102 1367 269 1411 sectam
307 1368 644 1426 philosophiam
678 1382 857 1424 semper
895 1367 1110 1422 iudicavi,
1157 1382 1271 1426 quae

103 1426 157 1468 de
183 1426 395 1467 maximis
420 1424 757 1483 quaestionibus
789 1424 970 1481 copiose
998 1432 1169 1480 nosset,
1200 1438 1273 1465 or-

102 1488 293 1538 nateque
332 1482 504 1523 dicere:
544 1482 595 1522 in
632 1495 766 1537 quam
804 1481 1174 1524 exercitationem
1207 1480 1271 1522 ita

98 1552 181 1580 nos
200 1538 398 1581 studiose
421 1544 437 1570 ἲ
474 1537 704 1594 dedimus,
744 1545 797 1581 ut
820 1537 913 1581 iam
940 1537 1077 1580 etiam
1094 1535 1271 1579 scholas

148 1739 180 1777 ι)
206 1736 272 1770 Ita
291 1735 492 1783 legendum
515 1747 597 1770 esse
615 1747 697 1770 cum
720 1732 920 1770 edd-vett.
933 1733 1038 1770 vidie
1049 1732 1267 1774 Bentleius„

98 1782 333 1827 Receperum
351 1785 496 1818 Davie.
521 1781 643 1827 W⁰ff
676 1782 801 1827 Vulgo
824 1781 1006 1816 oratoriae
1029 1779 1162 1814 laudio.

105 1834 109 1837 '
142 1827 184 1874 2)
207 1827 391 1865 Pearcius
409 1832 579 1863 correxit
599 1826 792 1866 manabat,
820 1827 923 1875 quod
939 1826 1123 1872 placebat
1141 1825 1265 1860 Eme-

98 1880 195 1912 stio,
217 1884 258 1908 ut
278 1874 326 1908 ad
347 1876 545 1909 oratoriam
566 1873 715 1909 laudem
737 1872 956 1914 referretur.

142 1920 184 1966 3)
213 1921 337 1968 Vulgo
364 1919 542 1958 scientiae
572 1920 695 1967 copia.
743 1922 888 1957 Πανία.
920 1919 1090 1953 malebat
1109 1917 1264 1953 scientia

100 1976 136 2001 et
155 1964 263 2013 copia
283 1976 323 2000 ιιι
343 1978 399 2001 esc
417 1969 458 2002 in
477 1967 572 2004 Mas.
598 1966 805 2002 nonnullis.
853 1965 936 2012 Ego
963 1963 1106 2010 Wolfio
1129 1973 1263 1998 aucto·

99 2025 150 2053 rc,
172 2014 312 2047 omissa
332 2016 482 2058 copula,
505 2012 626 2046 matut
643 2012 807 2047 scribere
826 2010 979 2047 scientia
993 2035 1002 2049 ,
1031 2009 1151 2063 copia.

140 2063 178 2102 4)
204 2060 318 2094 Recte
340 2065 396 2094 sic
412 2060 558 2094 Davis.
585 2058 712 2103 Wolf.
750 2058 865 2105 Vulg.
887 2057 1024 2093 docere
1044 2066 1154 2091 etiam
1175 2068 1263 2092 coc-

96 2104 152 2152 pit
172 2103 427 2139 adolescentes
450 2104 588 2139 dicere.

142 2155 184 2195 5)
216 2150 334 2198 Vulgo
364 2152 456 2185 olim
487 2149 707 2184 addebatur
726 2162 900 2198 operam;
935 2148 1038 2197 quod
1057 2147 1262 2184 delendum

97 2206 299 2281 Ξὲξείἒεοιε
317 2206 545 2233 censuerunt
565 2196 744 2234 Lambin.
759 2196 821 2233 Fr.
833 2196 988 2233 Fabric.
1008 2195 1260 2236 Davis.Ern9

152 2255 171 2278 ο
214 2267 223 2276 .
