1503 2584
253 122 321 163 ²68
503 120 577 155 TU
580 114 719 154 SCUL.
746 113 1169 153 DISPUTATIONUM

249 220 377 271 parte
396 211 647 266 c'lauderet,
670 221 679 242 ¹
709 217 862 253 tamen
882 224 939 252 ex
959 210 1102 253 multo
1123 210 1293 253 maiore
1312 220 1415 269 pari

250 273 297 311 ‘te
317 268 520 311 obtinere
540 283 706 309 nomen
724 281 868 308 suum.
916 266 1044 309 Haec
1068 280 1190 308 nunc
1210 268 1416 311 enuclea-

248 329 300 370 re
335 340 426 367 non
456 325 517 366 ita
552 337 730 365 necesse
760 329 846 364 est:
891 337 1156 379 quamquam
1187 338 1280 364 non
1310 338 1416 366 con-

250 380 520 424 stantissime
551 379 642 421 dici
675 379 790 421 mihi
816 378 1041 421 videntur.
1109 379 1230 420 Nam
1264 387 1309 421 et
1336 380 1414 435 qui

247 438 407 481 beatus
435 444 525 491 est,
558 451 651 477 non
686 433 916 491 intelligo,
959 434 1065 492 quid
1091 435 1315 491 requirat,
1361 443 1415 478 ut

249 495 306 536 sit
324 493 520 534 beatior:
559 489 628 548 (si
647 499 714 534 est
733 491 853 534 enim
874 492 994 549 quod
1015 491 1150 545 desit,
1181 506 1236 532 ne
1257 491 1412 534 beatus

249 549 434 606 quidem
455 551 572 604 θεὶς)
602 557 668 603 et,
699 547 817 604 quod
841 563 898 589 ex
921 549 1090 589 maiore
1112 555 1238 603 parte
1258 562 1415 590 unam-

249 620 472 663 quamque
514 620 612 647 rem
651 604 869 662 appellari
907 603 1185 660 spectarique
1231 604 1415 657 dicunt,

248 670 340 717 est,
379 661 458 703 ubi
482 662 525 702 id
548 662 634 702 isto
655 661 790 702 modo
812 661 965 702 valeat.
1021 661 1174 713 Quum
1196 675 1300 702 vero
1325 661 1413 703 tria

248 733 414 776 genera
440 718 667 759 malorum
689 731 779 758 esse
802 717 974 759 dicantt
1012 716 1088 774 qui
1117 715 1310 759 duorum
1336 730 1415 773 ge-

248 790 407 818 nerum
435 774 564 815 malis
589 773 797 815 omnibus
818 781 1055 828 urgeatur,
1096 779 1147 812 ut
1165 775 1313 815 omnia
1336 773 1415 814 ad-

246 838 374 872 ‘versa
394 831 482 872 sint
499 830 545 870 in
566 828 773 881 fortuna,
803 828 1012 870 omnibus
1030 826 1293 884 oppressum
1316 844 1415 870 cor-

246 899 331 945 pus
364 894 409 927 et
440 884 695 927 confectum
722 883 978 940 doloribus,
1010 884 1116 924 huic
1146 884 1412 939 paullumne

248 942 302 983 ad
344 943 517 984 beatam
546 941 682 984 vitam
712 940 863 982 deesse
892 939 1117 993 dicemus,
1155 955 1247 983 non
1275 942 1411 983 modo

246 999 303 1041 ad
326 992 660 1041 beatissimam?

385 1111 473 1153 IX.
531 1110 632 1152 Hoc
661 1109 772 1151 illud
804 1117 890 1164 est,
929 1109 1048 1165 quod
1072 1108 1413 1167 Theophrastus

248 1168 466 1211 sustinere
497 1182 588 1208 non
621 1165 782 1223 potuit.
850 1166 972 1207 Nam
1000 1180 1139 1222 quum
1167 1168 1413 1225 statuisset,

240 1224 455 1279 ⁴verbema,
484 1230 734 1276 tormenta,
761 1222 1008 1275 cruciatus,
1033 1221 1203 1278 patriae
1222 1224 1413 1267 eversio-

246 1297 350 1335 nes,
381 1279 559 1333 exsilia,
599 1278 811 1320 orbitates
832 1292 1040 1333 magnam
1061 1278 1148 1319 vim
1169 1278 1332 1321 habere
1354 1280 1411 1322 ad

247 1338 365 1381 male
387 1336 634 1392 misereque
655 1334 916 1388 vivendum,
947 1349 1039 1375 non
1056 1341 1121 1375 est
1138 1349 1268 1376 ausus
1297 1335 1411 1379 elate

247 1401 293 1436 et
326 1393 474 1449 ainple
510 1392 658 1448 toqui,
700 1405 841 1449 quum
868 1390 1107 1432 humiliter
1135 1390 1412 1449 demisseque

248 1451 446 1493 sentiret.
495 1449 643 1499 Quam
664 1448 788 1501 bene,
812 1461 903 1487 non
924 1446 1177 1501 quaeritur:
1205 1454 1414 1491 constan-

247 1511 319 1548 ter
337 1505 516 1562 quidem
536 1511 669 1545 certe.
728 1502 883 1557 Itaque
904 1501 1016 1542 mihi
1038 1503 1209 1557 placere
1230 1518 1323 1545 non
1341 1519 1413 1545 so-

246 1564 335 1617 let,
370 1561 687 1616 consequentia
712 1557 1066 1614 reprehendere,
1104 1572 1242 1613 quum
1263 1560 1408 1614 prima

249 1616 530 1660 concesseris.
583 1615 676 1657 Hic
697 1622 871 1668 autem,
896 1613 1244 1668 elegantissimus
1264 1617 1411 1657 omni-

246 1690 326 1717 um
356 1671 729 1730 philosophorum
758 1676 801 1710 et
828 1669 1174 1725 eruditissimus,
1201 1685 1296 1712 non
1316 1686 1412 1713 ma·-

247 1744 445 1788 guopere
464 1727 824 1784 reprehenditur,
854 1740 993 1782 quum
1011 1725 1097 1766 tria
1115 1739 1274 1780 genera
1300 1727 1410 1769 dicit

247 1787 499 1835 bonorum5
549 1790 738 1824 vexatur
766 1790 917 1823 autem
949 1782 1003 1823 ab
1040 1782 1269 1836 omnibus,
1318 1784 1410 1837 pri·

246 1858 374 1887 mum
402 1842 449 1883 in
477 1855 528 1882 eo
558 1840 698 1893 libro,
728 1853 860 1895 quem
881 1838 1056 1894 scripsit
1074 1837 1127 1878 de
1146 1838 1232 1879 vita
1254 1839 1409 1893 beata,

248 1900 295 1941 in
315 1914 403 1955 quo
425 1898 567 1939 muna
590 1896 802 1951 disputat,
833 1894 1120 1950 quamobrem
1139 1893 1190 1948 is,
1221 1895 1295 1950 qui
1319 1896 1410 1936 tirr-

250 1963 462 2010 queatur,
490 1952 566 2009 qui
587 1952 829 2005 crucietur,
860 1951 1011 1991 beatus
1031 1964 1121 1990 esse
1141 1965 1232 1991 non
1256 1951 1408 2004 possit,

246 2011 295 2053 in
325 2025 378 2052 eo
402 2011 535 2052 etiam
566 2014 751 2066 putatur
779 2007 948 2062 dicere,
984 2007 1032 2048 in
1061 2013 1203 2048 rotam
1232 2006 1407 2049 beatam

298 2194 338 2241 ι)
365 2191 454 2228 edd.
472 2202 570 2228 vett.
597 2191 833 2228 claudicaret,

1480 324 1484 419 l
