1503 2584
492 76 518 101 s

148 135 356 172 TUSCUL.
388 133 654 170 DISPUTAT.
704 133 796 168 Lm.
825 134 871 167 u.
921 134 1026 168 CAP.
1056 145 1084 167 ι.
1164 138 1232 180 109

56 230 234 276 fiecesse
261 228 443 286 quidem
471 226 585 269 mihi
609 240 699 269 esse
720 225 913 268 arbitror
935 226 1229 284 philosopha-

55 292 96 333 ri
110 323 122 346 ‚
151 288 281 348 (nam
302 285 406 342 quid
427 298 627 344 possum,
650 283 918 340 praesertim
940 282 1055 323 nihil
1075 297 1227 342 agenS‚

56 358 185 405 agere
205 337 425 400 melius?)
471 340 548 383 sed
579 354 671 382 non
703 339 878 396 paucis,
907 338 1067 380 utille.
1123 341 1230 383 Dif-

54 402 172 445 ficile
208 406 273 441 est
310 398 456 454 enim,
496 396 543 439 in
575 396 862 453 philosophia
890 410 1030 452 pauca
1062 411 1155 439 esse
1185 401 1228 444 ei

0 467 1 498 l
55 463 186 512 nota,
231 455 306 497 cui
336 469 428 496 non
457 456 545 496 sint
573 462 650 495 aut
679 454 917 510 pleraque,
956 460 1030 493 aut
1061 456 1226 499 omnia.

0 538 1 564 3
23 514 174 566 *Nam
200 527 284 554 nec
313 526 482 568 pauca,
520 511 606 553 nisi
635 525 658 552 e
675 509 858 564 multis,
888 509 994 564 eligi
1016 521 1229 569 possunt,

0 591 1 601 2
36 585 160 626 mec,
197 568 276 628 qui
305 579 448 625 pauca
478 566 757 625 perceperit,
796 580 887 607 non
908 566 1028 607 idern
1051 567 1228 625 reliqna

0 632 1 682 j
53 627 222 670 eodem
240 625 389 667 studio
421 629 732 682 persequetur.
788 622 876 663 Sed
896 623 940 663 in
962 623 1050 663 vita
1073 619 1227 668 tamen

51 691 294 743 occupata,
345 688 502 739 atque,
547 687 601 721 ut
639 678 937 735 Neoptolemi
971 684 1070 720 tum
1107 691 1228 738 erat,

49 735 264 796 militari,
311 753 456 798 pauca
488 739 585 794 ipsa
624 735 824 777 multum
850 749 983 792 saepe
1008 747 1228 796 prosunt,

49 806 95 840 et
130 797 286 840 {erunt
325 795 524 846 smmum,
565 792 610 835 isi
647 806 741 834 non
772 798 946 847 tantos,
984 795 1142 848 quanti
1168 810 1228 840 ex

49 855 260 897 universa
295 851 584 911 philosophia
611 848 789 906 percipi
818 856 1031 904 possunt,
1071 858 1227 896 tamen

48 926 149 966 eos,
170 910 338 969 quibus
356 909 505 965 aliqua
523 922 583 950 ex
605 913 732 963 parte
750 905 980 947 interdum
1003 912 1081 948 aut
1100 909 1239 965 cupi-'

48 968 214 1021 ditate,
246 974 322 1008 aut
341 964 644 1022 aegritudine,
675 970 752 1004 aut
770 969 897 1004 metu
917 962 1191 1006 liberemur:
1212 974 1228 999 1

48 1026 174 1067 velut
195 1037 254 1065 ex
275 1036 324 1063 ea
348 1021 681 1078 disputatione,
711 1033 824 1075 quae
848 1019 959 1060 mihi
983 1035 1130 1074 nuper
1148 1021 1231 1064 ha-

49 1080 145 1122 bita
174 1086 240 1121 est
264 1079 315 1120 in
330 1077 627 1130 ‘'fusculaiiO,
664 1089 830 1131 magna
851 1075 1086 1119 videbatur
1107 1093 1230 1120 mor-

50 1137 108 1179 tis
126 1135 286 1178 effecta
304 1135 608 1190 contemptio,
646 1145 760 1187 quae
780 1147 871 1174 non
891 1132 1134 1174 minimum
1155 1150 1231 1177 va-

48 1194 116 1235 let
145 1192 201 1234 ad
229 1191 433 1234 animum
469 1196 596 1231 metu
626 1189 925 1230 liberandum.
995 1189 1118 1231 Nam
1150 1191 1229 1247 qui

47 1251 119 1305 id,
158 1249 279 1306 quod
304 1247 440 1291 vitari
461 1261 554 1288 non
577 1250 752 1300 potest,
791 1245 987 1300 metuit,
1020 1246 1056 1287 is
1076 1246 1229 1290 vivere

10 1342 21 1349 s
49 1304 202 1349 animo
223 1304 378 1362 quieto
399 1302 527 1345 nullo
546 1301 684 1343 modo
703 1307 873 1357 potest:
903 1301 979 1343 sed
999 1301 1102 1359 qui,
1132 1319 1228 1348 non

47 1363 186 1405 modo
207 1362 311 1418 quia
330 1374 510 1402 necesse
530 1364 597 1400 est
614 1357 757 1411 mori,
790 1371 945 1399 verum
967 1363 1099 1400 etiam
1124 1362 1229 1416 quia

47 1418 166 1462 nihil
192 1417 324 1460 habet
352 1430 498 1470 mors,
534 1415 654 1472 quod
683 1414 739 1473 sit
766 1413 1067 1471 horrendum,
1103 1431 1231 1459 mor-

48 1484 140 1518 tem
173 1490 266 1516 non
292 1473 447 1529 timet,
483 1485 700 1528 magnum
719 1469 755 1512 is
775 1469 858 1512 sibi
873 1472 1151 1527 praesidium
1171 1473 1226 1517 ad

50 1533 227 1575 beatam
249 1532 385 1573 vitam
407 1535 652 1584 comparat.
713 1528 1001 1584 Quamquam
1031 1544 1124 1571 non
1154 1545 1230 1572 su-

47 1604 149 1632 mus
167 1586 338 1645 ignari,
377 1586 549 1627 multos
570 1582 768 1626 studiose
787 1591 947 1626 contra
969 1599 1061 1628 esse
1082 1586 1231 1628 dictu-

47 1659 147 1700 ros,
185 1643 308 1701 quod
335 1642 475 1685 vitare
505 1639 634 1684 nullo
661 1639 799 1682 modo
837 1642 1094 1697 potuimus:
1138 1643 1229 1686 nisi

49 1701 170 1744 nihil
197 1699 384 1742 omnino
414 1699 727 1741 scriberemus.
795 1697 979 1739 Etenim
1003 1700 1038 1740 si
1059 1697 1230 1742 oratio-

49 1773 153 1813 nes,
193 1770 300 1815 quas
328 1770 411 1798 nos
429 1754 738 1797 multitudinis
757 1754 926 1796 iudicio
947 1755 1132 1810 probari
1150 1770 1231 1799 vo·-

46 1814 275 1870 lebamus,
311 1812 572 1871 (popularis
601 1819 666 1853 est
689 1811 808 1853 enim
830 1811 907 1853 illa
930 1811 1145 1870 facultas,
1180 1820 1229 1856 et

49 1870 235 1913 effectus
256 1879 274 1902 ²
301 1869 588 1926 eloquentiae
608 1876 673 1910 est
695 1867 977 1910 audientium
1002 1866 1232 1926 approba.

48 1925 164 2026 tio&
199 1928 278 1970 sed
306 1926 344 1968 si
371 1926 719 1984 reperiebantur
745 1925 982 1980 nonnulli,
1011 1926 1089 1982 qui
1111 1925 1230 1969 nihil

45 1983 123 2025 lau
157 1991 308 2041 arent,
345 1983 433 2027 nisi
458 1983 582 2041 ‘quod
612 1996 657 2023 se
679 1981 849 2025 imitari
867 1995 998 2040 posse
1028 1982 1228 2045 confide,-

98 2134 137 2178 ι)
163 2135 333 2170 Davisio
359 2135 494 2181 placet
518 2132 725 2169 liberentur
751 2142 795 2168 ut
822 2142 880 2169 est
910 2144 975 2182 ap.
1010 2134 1165 2181 Victor,
1190 2146 1229 2174 eo

45 2179 86 2214 in
100 2180 355 2223 compluribus
374 2183 524 2215 Msstis.
955 2181 959 2183 ’

92 2226 135 2271 2)
164 2226 354 2263 Lambino
372 2227 557 2274 placebat
577 2224 764 2270 effecttin,
