1503 2584
357 109 500 146 LIBER
537 107 780 155 QUINTUS.
829 106 934 145 CAP.
961 116 1002 153 3⁴
1193 119 1263 161 ²59

92 205 228 248 etiam
254 197 474 245 nomine?
511 215 624 257 quae
649 201 902 244 divinarum
920 202 1261 257 ‚humanarum-

92 275 179 318 que
205 273 380 313 rerum,
423 266 521 299 tum
549 257 786 300 initiorum
823 273 1145 316 causarumque
1180 276 1259 304 cu-

91 319 248 372 iusque
276 314 340 355 rei
370 313 626 369 cognitione
654 313 739 355 hoc
776 314 1135 371 pulcherrimum
1173 333 1256 359 no-

91 387 196 415 men
231 370 350 427 apud
388 370 593 426 antiquos
624 371 955 426 assequebatur.
1023 371 1179 430 Itaque
1207 382 1254 417 et

89 440 193 482 illos
211 445 406 494 septem,
436 438 511 492 qui
530 452 553 478 a
573 436 759 479 Graecis
781 431 928 490 σοφοὶ,
973 440 1194 494 sapientes
1225 458 1254 486 a

92 493 253 538 nostris
292 500 335 534 et
372 492 676 547 habebantur,
719 501 764 535 et
792 493 1165 552 nominabantur,
1204 507 1253 541 et

88 550 240 594 multis
285 557 387 591 ante
423 549 584 591 seculis
629 549 928 605 Lycurgum,
976 551 1101 593 cuius
1138 562 1255 597 tem-

96 605 273 648 'oribus
304 605 534 647 Homerus
569 605 706 645 etiam
731 604 868 646 fuisse
900 614 1002 647 ante
1035 607 1146 649 hanc
1177 626 1256 653 ur.

118 677 190 705 em
227 662 457 704 conditam
486 659 704 714 traditur,
740 660 874 701 etiam
910 660 1105 704 heroicis
1134 676 1255 708 aeta..

85 717 204 762 tibus
250 718 462 774 Ulyssem
508 722 554 758 et
608 715 850 757 Nestorem
905 720 1160 774 accepimus
1205 731 1252 765 et

83 774 244 828 fuisse,
289 781 335 815 et
373 772 549 814 habitos
588 785 680 813 esse
714 772 950 827 sapientes.
1041 775 1138 817 Nec
1174 775 1265 819 tte-⁵

84 846 139 875 ro
175 830 300 872 Atlas
339 829 560 870 sustinere
593 828 792 881 caelum,
837 843 919 870 nec
953 829 1251 875 Prometheus

85 886 246 930 affixus
282 884 505 938 Caucaso,
550 898 634 925 nec
671 883 873 925 stellatus
900 885 1107 942 Cepheus
1142 903 1250 932 cum

85 956 254 997 uxore,
304 955 492 996 genero,
534 939 628 981 filia
664 939 942 996 traderetur,
984 943 1071 984 nisi
1108 945 1251 986 caele-

84 999 224 1041 stium
261 996 408 1038 divina
441 996 640 1052 cognitio
670 1010 836 1037 nomen
864 1011 1021 1038 eorum
1047 999 1103 1041 ad
1130 1014 1253 1043 erro·-

84 1069 182 1097 rem
201 1050 378 1095 fabulae
396 1052 678 1096 traduxisset.
734 1053 778 1093 A
797 1053 957 1108 quibus
980 1055 1104 1097 ducti
1124 1057 1253 1099 dein-

85 1114 195 1168 'ceps
211 1122 390 1162 omnes,
422 1108 498 1164 qui
522 1109 568 1150 in
585 1122 739 1149 rerum
759 1109 1138 1166 contemplatione
1159 1122 1253 1156 stu-

84 1167 158 1210 dia
176 1165 427 1224 ponebant,
459 1165 679 1221 sapientes
698 1171 743 1205 et
764 1164 1070 1220 habebantur,
1104 1176 1149 1210 et
1166 1185 1251 1211 no-

83 1222 397 1274 minabantur3
440 1221 574 1276 idque
613 1234 773 1263 eorum
811 1235 977 1264 nomen
1013 1236 1153 1280 usque
1192 1226 1250 1269 ad

82 1279 370 1337 Pythagorae
397 1276 594 1319 manavit
620 1283 835 1331 aetatem3
871 1290 1031 1333 quem,
1065 1286 1118 1320 ut
1144 1282 1253 1323 scri-

81 1336 148 1378 bit
176 1334 356 1377 auditor
382 1333 582 1375 Platonis
610 1332 824 1375 Ponticns
851 1333 1140 1391 Heraclides,
1179 1338 1250 1380 vir

82 1393 242 1434 doctus
277 1391 326 1433 in
352 1389 533 1444 primiS,
574 1387 834 1431 Phliuntem
867 1389 1022 1431 ferunt
1049 1393 1248 1452 venisse,

81 1462 275 1504 eumque
294 1459 398 1487 cum
417 1445 616 1499 Leonte,
650 1453 658 1474 ¹
698 1445 900 1502 principe
925 1445 1248 1507 Phliasiorum,

81 1505 214 1546 docte
251 1508 297 1543 et
325 1501 503 1558 copiose
530 1501 786 1543 disseruisse
817 1501 1049 1558 quaedam.
1107 1504 1251 1548 Cuius

72 1559 328 1615 ingenium,
342 1566 385 1599 et
395 1557 694 1613 eloquentiam
707 1572 847 1614 quum
867 1557 1113 1602 admiratus
1133 1571 1250 1605 esset

79 1617 233 1671 Leon,
282 1613 544 1671 quaesivisse
584 1628 641 1655 ex
678 1628 756 1668 eo,
803 1629 891 1670 qua
919 1615 1120 1658 maxime
1149 1628 1247 1662 arte

76 1672 348 1725 confideret,
368 1677 414 1711 at
431 1670 579 1725 illum,
598 1678 739 1712 artem
753 1670 933 1727 quidem
949 1685 997 1712 se
1016 1672 1127 1714 scire
1147 1675 1252 1716 nul-

76 1729 194 1781 lam,
222 1728 297 1770 sed
317 1741 407 1768 esse
428 1726 774 1783 philosophum,
801 1726 1074 1769 admiratum
1096 1729 1249 1772 Leon-

77 1793 171 1828 tem
210 1783 458 1827 novitatem
488 1782 708 1836 nominis,
751 1783 998 1839 quaesisse,
1043 1785 1248 1837 Quinam

80 1849 226 1884 essent
242 1839 528 1896 philosophi,
567 1847 612 1881 et
632 1838 739 1894 quid
756 1841 872 1881 inter
890 1853 965 1880 eos
985 1847 1030 1881 et
1049 1841 1248 1898 reliquos

79 1897 340 1941 interesset?
407 1895 716 1952 Pythagoram
756 1902 907 1937 autem
943 1898 1248 1953 respondisse:

79 1952 272 1995 similem
288 1951 372 1994 sibi
393 1951 537 1996 videri
563 1952 700 1994 vitam
721 1952 985 2008 hominum,
1012 1959 1059 1995 et
1075 1967 1250 1997 merca-

68 2177 109 2218 *L
126 2137 167 2183 ι)
193 2138 379 2173 Dam'si'uae
415 2136 687 2185 corrigendum
720 2137 888 2185 putabat
918 2137 1059 2176 venius
1090 2150 1247 2186 eumque

111 2192 236 2222 sonte.
