1503 2584
246 89 316 127 :290
497 75 709 114 TUSCUL.
733 73 1160 111 DISPUTATIONUM

254 171 418 215 nebam
446 169 572 212 enim
599 169 812 224 quosdam
834 168 1099 221 senariolos,
1127 182 1239 226 quos
1257 167 1306 210 in
1328 167 1425 210 eius
1480 202 1481 216 ,

253 234 554 270 :monumento
575 239 667 266 esse
687 224 928 280 inscriptos
949 238 1230 281 acceperam:
1256 225 1330 280 qui
1351 224 1428 265 de-

258 282 513 336 clarabant,
548 283 597 323 in
624 293 803 322 summo
831 280 1038 336 sepulcro
1068 281 1306 336 sphaeram
1333 295 1427 322 esse

257 340 451 398 positam
491 351 596 379 cum
634 336 857 393 cylindro.
924 335 1024 391 Ego
1063 345 1237 392 autem,
1287 351 1428 393 quum

258 394 414 440 omnia
435 393 744 436 collustrarem
765 391 923 446 oculi«,
950 389 1034 450 (est
1058 393 1177 435 enim
1200 393 1254 434 ad
1274 400 1428 449 portas

262 449 547 495 Achradinas
584 461 748 504 magna
791 447 1045 504 frequentia
1090 446 1430 505 sepulcrorum)

260 505 559 549 animadverti
588 504 873 546 columellam
904 518 995 545 non
1017 504 1216 546 multum
1237 521 1260 547 e
1281 505 1432 546 dumis

258 562 559 605 eminentem:
593 561 642 602 in
672 574 758 617 qua
786 561 932 602 inerat
958 559 1172 614 sphaerae
1195 561 1362 617 figurae
1385 565 1433 602 et
1476 569 1478 603 3

261 618 474 677 cylindri.
527 619 674 672 Atque
697 632 778 672 ego
798 615 948 657 statim
961 615 1253 672 Syracusanis
1277 615 1433 682 (erant
1478 613 1480 659 ἶ

260 682 415 719 autem
434 673 663 731 principes
681 670 886 729 mecum)
906 671 1025 726 dixi,
1052 687 1126 714 me
1147 673 1260 714 illud
1282 687 1433 729 ipsum
1480 669 1481 673 ’

261 729 476 773 arbitrari
494 743 610 782 esse,
639 729 759 784 quod
780 741 1056 783 quaertrem.
1116 729 1308 771 [inmissi
1328 743 1434 772 cum
1482 727 1484 759 i

261 786 457 830 falcibus
475 785 609 826 multi
631 788 882 840 purgarunt
911 788 956 821 et
976 792 1249 839 aperuerunt
1266 787 1433 827 locum.
1483 798 1484 803 ¹

262 844 368 895 Quo
396 855 535 898 quum
565 838 814 896 patefactus
842 844 955 879 esset
987 837 1156 895 aditus,
1194 841 1248 880 ad
1266 842 1435 882 'adver-
1486 878 1488 889 ,

263 912 359 942 sam
387 896 529 938 basim
560 893 839 937 accessimus,
916 893 1180 951 Apparebat
1210 897 1436 958 epigram-
1487 895 1490 947 [

263 969 365 1009 ma,
410 952 556 995 exesis
596 949 919 1006 posterioribus
959 949 1157 1004 partibus
1194 952 1437 994 vers1culo-
1489 957 1492 1002 '5

264 1025 396 1065 rum,
424 1007 667 1051 dimidiatis
682 1006 790 1049 fere.
847 1005 914 1047 Ita
934 1005 1206 1049 nobilissima
1221 1008 1436 1049 Graeciae
1490 1010 1493 1062 ζ

263 1066 444 1119 civitas,
491 1063 721 1122 quondam
745 1077 853 1105 vero
883 1061 1019 1104 etiam
1048 1062 1328 1118 doctissima,
1365 1064 1437 1106 sui

265 1122 378 1167 civis
396 1120 528 1163 unius
549 1118 792 1162 acutissimi
807 1125 1154 1161 monumentum
1172 1120 1437 1177 ignorasset,

266 1179 354 1226 nisi
381 1177 437 1219 ab
461 1176 644 1219 homine
669 1174 892 1231 Arpinate
920 1174 1157 1217 didicisset.
1222 1176 1308 1217 Sed
1336 1176 1439 1219 red-

267 1244 365 1292 eat,
400 1233 520 1276 unde
549 1231 796 1286 aberravit,
832 1229 992 1272 oratio.
1058 1232 1172 1283 Quis
1203 1240 1270 1273 est
1291 1232 1440 1276 omni-

267 1309 373 1347 um,
409 1289 546 1334 modo
575 1302 680 1329 cum
708 1287 876 1340 Musis,
911 1286 956 1327 id
978 1293 1067 1342 est,
1107 1303 1210 1330 cum
1232 1290 1441 1331 humani-

268 1356 362 1394 tate
391 1352 435 1390 et
463 1359 568 1386 cum
597 1342 801 1385 doctrina
829 1341 992 1383 habeat
1018 1343 1201 1401 aliquod
1220 1359 1441 1387 commer-

269 1407 418 1459 cium,
486 1401 532 1442 ui
559 1415 603 1442 se
631 1414 723 1442 non
750 1399 872 1441 hunc
896 1399 1266 1443 mathematicum
1285 1402 1441 1459 malit,

269 1475 406 1521 quam
452 1457 583 1500 ilum
627 1456 906 1512 tyrannum?
990 1455 1038 1496 Si
1089 1457 1202 1497 vitae
1249 1459 1439 1502 modum

269 1516 586 1568 actionemque
614 1512 890 1569 quaerimus:
933 1510 1115 1553 alterius
1144 1527 1270 1554 mens
1299 1514 1442 1556 ratio-

268 1574 402 1618 nibus
430 1567 651 1625 agitandis
679 1566 1057 1623 exquirendisque
1076 1567 1302 1625 alebatur,
1334 1585 1440 1614 cum

270 1626 572 1674 oblectatione
610 1623 842 1678 solertiae3
890 1623 966 1680 qui
1003 1631 1068 1665 est
1095 1638 1209 1665 unus
1237 1626 1442 1669 suavissi-

269 1680 374 1731 mus
404 1687 557 1739 pastus
584 1680 869 1732 animorunr,
919 1679 1100 1721 alterius
1136 1680 1184 1721 in
1224 1682 1358 1724 caedo
1395 1691 1442 1725 et

268 1739 473 1793 iniuriis,
513 1750 616 1777 cum
656 1741 700 1776 et
728 1734 917 1788 diurno,
960 1742 1004 1775 et
1039 1743 1264 1778 nocturno
1298 1745 1440 1780 metu.

269 1799 395 1854 Age,
425 1792 581 1837 confer
598 1791 929 1848 Democritum,
960 1791 1282 1848 Pythagoram,
1313 1794 1443 1835 Ana·

270 1865 506 1910 :xagoram-
573 1848 701 1905 Quae
728 1862 894 1903 regna,
933 1862 1042 1904 quas
1063 1861 1168 1904 opes
1188 1848 1347 1890 studiis
1367 1864 1445 1891 eo-

271 1924 377 1954 rum
412 1915 458 1949 et
495 1903 866 1947 delectationibus
905 1899 1185 1959 antepones?
1258 1904 1442 1950 Etenim

273 1979 389 2024 quae
414 1977 518 2021 pars
543 1961 714 2018 optima
742 1967 808 2002 est
835 1959 885 2002 in
913 1959 1120 2015 homine,
1157 1961 1204 2001 in
1234 1975 1285 2003 ea
1305 1962 1443 2005 situm

272 2036 367 2065 esse
392 2032 571 2063 necesse
598 2024 664 2060 est
689 2015 832 2071 illud,
872 2016 992 2074 quod
1023 2016 1222 2073 quaeri-5,
1252 2023 1272 2046 1
1323 2017 1445 2075 opti-3

268 2101 302 2115 §-

314 2152 355 2193 3)
381 2144 587 2194 quaerimus
618 2135 730 2182 dedis
747 2133 1281 2190 Davis2*auctor-estendam
