1503 2584
294 133 438 172 LIBER
473 131 724 181 QUARTUS.
773 133 878 170 CAP.
910 143 968 178 28.
1149 144 1218 185 239

190 228 419 275 XXVIII.
479 228 567 272 Sed
597 228 746 270 omnis
782 227 1001 271 eiusmodi
1037 237 1221 286 pertur-

54 289 198 342 batto,
227 285 364 328 animi
385 285 640 342 placatione
661 284 871 326 abluatur
888 295 902 318 ¹
922 286 998 328 illa
1016 288 1217 345 quidem,

53 362 191 408 quum
221 344 402 396 doceas,
439 357 523 384 nec
556 341 723 382 bonum
751 340 861 382 illud
893 356 1010 399 esse,
1050 357 1108 385 ex
1126 359 1215 401 quo

53 402 215 449 laetitia
237 406 313 440 aut
334 398 474 440 libido
497 398 691 453 oriatur3
721 411 803 439 nec
824 399 1017 454 malum,
1047 414 1104 442 ex
1127 416 1217 458 quo

53 466 129 505 aut
156 464 323 510 metus,
363 461 440 496 aut
470 454 726 509 aegritudo:
777 467 1070 498 veruntamen
1108 456 1219 499 baec

53 524 118 561 est
145 522 265 557 certa
293 520 338 554 et
368 512 554 568 propria
584 510 779 565 sanatio,
818 511 856 551 si
883 511 1065 567 doceas,
1103 514 1220 569 ipsas

50 569 410 632 perturbationes
431 582 510 624 per
539 580 584 607 se
604 577 701 607 esse
722 566 923 623 vitiosas,
952 583 1036 610 nec
1055 570 1220 612 habere

52 628 295 687 quidquam
322 632 399 667 aut
420 622 651 675 naturale,
687 628 760 662 aut
794 624 1117 668 necessarium:
1166 633 1221 667 ut

44 688 196 741 -ipsam
217 680 542 737 aegritudinem
563 676 697 718 leniri
718 676 943 733 videmus,
981 695 1117 736 quum
1142 682 1223 722 ob-

50 741 229 785 iicimus
249 733 552 779 maerentibus
579 731 934 776 imbecillitatem
957 737 1097 779 animi
1118 737 1223 780 effe-

52 795 240 849 minati,
278 806 506 850 quumque
534 803 693 831 eorum
723 791 989 845 gravitatem
1013 801 1223 837 constan·

52 855 251 907 tiannque
276 849 535 901 laudamus,
566 845 753 902 quinon
779 847 1036 891 turbulente
1061 849 1222 893 huma-

55 925 109 953 na
134 907 373 965 patiantur.
429 903 563 959 Quod
583 902 764 959 quidem
784 903 895 945 solet
915 905 975 946 eis
996 906 1129 949 etiam
1150 924 1223 949 ac-

56 966 229 1018 cidere,
265 962 338 1018 qui
360 961 433 1002 itta
457 959 571 1000 mata
594 972 686 999 esse
708 967 914 1013 censent,
950 961 1136 1005 ferenda
1157 971 1223 1006 ta-

11 1041 14 1045 *
57 1032 165 1066 men
192 1031 333 1074 aequo
361 1016 510 1065 animo
540 1014 828 1057 arbitrantur.
885 1017 1017 1059 Putat
1039 1019 1224 1077 aliquiS,

57 1092 151 1121 esse
178 1075 458 1129 voluptatem
490 1073 684 1125 bonum;
730 1071 844 1113 alins
875 1081 1051 1131 autem,
1088 1092 1226 1134 pecu..

56 1135 203 1186 niam3
241 1137 393 1170 tamen
423 1135 465 1169 et
492 1127 568 1168 ille
596 1127 650 1168 ab
680 1126 1056 1187 intemperante,
1086 1142 1128 1174 (ft
1151 1134 1222 1175 hic

58 1191 113 1233 ab
141 1185 323 1229 avaritia
350 1183 527 1225 avocari
556 1190 715 1238 potest.
793 1183 874 1224 ltla
903 1194 1050 1228 autem
1082 1190 1224 1231 altera

57 1246 173 1289 ratio
202 1249 245 1284 et
274 1240 442 1294 oratio,
479 1254 590 1295 quae
619 1238 756 1279 simul
784 1247 827 1280 et
856 1242 1112 1297 opinionem
1145 1247 1226 1288 fal-

58 1317 155 1346 sam
191 1298 335 1352 tollit,
380 1306 424 1336 et
454 1295 781 1351 aegritudinem
815 1296 1032 1354 detrahit,
1079 1309 1136 1342 est
1173 1318 1225 1345 ea

60 1358 241 1415 quidem
270 1352 498 1406 subtilior,
528 1358 548 1380 ²
590 1350 667 1393 sed
698 1366 798 1392 raro
829 1354 1032 1411 proficit,
1078 1374 1223 1416 neque

59 1422 126 1458 est
146 1413 200 1455 ad
221 1410 380 1466 vulgus
400 1407 661 1450 adhibenda.
698 1407 928 1463 Quaedam
952 1421 1100 1456 autem
1120 1424 1225 1457 sunt

61 1467 386 1526 aegritudines,
429 1479 534 1520 quas
567 1464 711 1505 levare
740 1465 814 1506 illa
845 1468 1067 1512 medicina
1096 1473 1224 1516 nullo

59 1525 199 1569 inodo
229 1522 381 1581 possit.
441 1521 504 1563 Ut
533 1521 569 1562 si
597 1521 694 1577 quis
723 1536 855 1578 aegre
875 1522 1012 1578 ferat,
1043 1527 1156 1569 nihil
1176 1529 1226 1571 in

62 1598 106 1624 se
134 1595 224 1623 esse
251 1578 454 1632 virtutiS,
490 1576 606 1618 nihil.
632 1577 794 1632 animi,
831 1579 944 1622 nihil
967 1581 1129 1640 offic-ii,
1159 1586 1226 1627 ni-

62 1640 129 1683 hil
162 1634 427 1680 honestatis:
467 1641 654 1689 propter
680 1635 796 1676 mala
828 1636 865 1677 is
891 1637 1072 1692 quidem
1092 1656 1226 1698 anga-

60 1703 159 1751 tur,
195 1693 271 1734 sed
299 1691 385 1734 alia
413 1691 629 1746 quaedam
658 1691 718 1731 sit
744 1690 799 1732 ad
822 1706 926 1733 enm
948 1695 1225 1740 admovenda

62 1751 259 1804 curatiO,
315 1755 360 1788 et:
401 1746 502 1788 talis
548 1745 749 1803 quidem,
803 1762 915 1804 quae
954 1752 1094 1806 possit
1133 1769 1225 1795 esse

64 1808 284 1859 omnium,
308 1804 442 1845 etiam
463 1802 517 1843 de
537 1802 696 1844 ceteris
718 1803 851 1844 rebus
870 1805 1225 1863 discrepantium

64 1860 455 1920 philosophorum.
520 1859 643 1900 Inter
671 1873 825 1901 omnes
846 1861 963 1903 enim
986 1867 1226 1908 convenire

67 1927 282 1977 oportet,
305 1915 632 1959 commotiones
654 1916 936 1973 animorum,
974 1934 1000 1962 a
1016 1929 1139 1965 recta
1157 1939 1227 1965 ra-

117 2081 154 2128 ι)
180 2079 347 2114 abluatur
377 2077 606 2125 displicebat
635 2077 838 2118 Erueseto,
874 2085 939 2128 qui
967 2084 1068 2117 coni.
1093 2081 1226 2119 alleve—

64 2138 124 2162 tur
143 2128 210 2160 vel
231 2124 417 2159 allevatur.

115 2179 151 2218 2)
179 2173 240 2209 Sic
258 2172 452 2205 Bentleius
471 2171 719 2213 probantibus
730 2172 900 2206 Davisio
914 2198 923 2212 ,
946 2172 1131 2214 Baba-io,
1155 2175 1225 2210 Et-

67 2224 209 2255 nescio.
248 2219 371 2263 Vulgo
397 2217 533 2255 mitior,
556 2215 659 2264 quod
683 2217 847 2265 Wolfius
867 2225 1084 2256 revocavit.
