1503 2584
528 133 815 171 mamona
1186 134 1258 178 3²7.

87 233 213 286 dem,
250 229 519 287 quamodo
538 228 652 281 huc,
689 224 826 270 modo
846 224 958 269 illuc
975 222 1253 267 transferun-

85 296 184 343 tur,
229 285 359 328 facile
397 285 559 327 adduci
596 284 767 339 solent,
803 291 854 325 ut
878 282 928 325 in
954 280 1090 324 rebus
1119 278 1249 322 bonis

85 357 178 384 esse
205 348 392 399 negent:
435 341 551 383 illud
575 348 729 383 tamen
754 347 874 382 arcte
901 343 1082 391 tenent,
1118 349 1249 377 accu-

82 406 265 456 rateque
292 395 568 453 defendunt,
605 397 880 462 voluptatem
904 409 997 437 esse
1015 404 1249 435 summum

81 456 266 497 bonum.
324 453 452 509 Quae
471 453 651 512 quidem
674 452 786 495 mihi
809 466 899 495 vox
924 448 1152 509 pecudum
1179 446 1247 489 vi-

83 511 217 552 detur
244 523 361 565 esse,
399 526 492 552 non
520 509 772 552 hominum.
849 508 949 561 Tu,
996 519 1138 563 quum
1163 502 1249 545 tibi

82 568 175 608 sive
211 565 342 622 deus,
383 566 475 610 sive
510 573 655 609 mater
689 564 765 622 (ut
791 565 856 606 ita
883 560 1057 620 dicam)
1092 572 1248 603 rerum

83 621 308 676 omnium,
345 630 529 678 natura,
567 621 743 662 dederit
762 621 987 676 animum,
1023 632 1112 675 quo
1132 613 1250 658 nihil

82 685 148 719 est
179 677 498 734 praestantius,
543 690 692 733 neque
719 676 932 727 divinius,
978 674 1112 716 sic-te
1149 672 1250 728 ipse

81 733 262 776 abiicies
299 741 434 791 atque
469 744 750 792 prosternes,
794 738 845 773 ut
879 730 998 774 nihil
1030 729 1153 772 inter
1177 735 1250 784 te,

81 790 363 847 atqueinter
393 799 407 823 ¹
435 789 771 848 quadrupedem
801 788 997 845 aliquem
1023 792 1155 844 putes
1180 783 1252 826 in-

80 843 283 890 teresse?
352 846 616 912 Quidquam
653 844 824 887 bonum
865 852 954 900 est,
999 841 1121 900 quod
1154 854 1250 883 non

83 916 215 958 eum,
263 903 342 960 qui
377 903 425 945 1d
450 902 672 960 possidet,
712 901 945 943 :meliorem
973 893 1117 941 facit?
1181 896 1252 938 Ut

82 959 205 1000 enim
232 959 331 1014 quis
364 973 420 1001 ue
447 966 513 1001 est
540 957 739 1000 maxime
769 957 874 1000 boni
901 955 1151 1015 particePS,
1185 953 1249 995 ita

83 1022 149 1056 est
165 1014 346 1057 laudabi
369 1015 403 1056 is
420 1016 641 1057 maxime:
660 1027 804 1070 neque
817 1023 883 1057 est
901 1013 1044 1055 ullum
1061 1010 1252 1061 bonum,

84 1071 138 1112 cle
168 1084 256 1126 quo
284 1086 377 1112 non
403 1071 465 1125 is,
505 1071 585 1128 qui
613 1070 660 1111 id
688 1069 875 1124 habeat,
904 1071 1088 1112 honeste
1113 1064 1254 1124 possit

80 1126 283 1183 gloriari.
349 1127 472 1179 Quid
500 1134 651 1169 autem
677 1135 743 1168 est
769 1127 936 1169 horum
962 1126 1011 1166 in
1047 1120 1255 1180 volupta-

80 1176 162 1224 te?
220 1182 521 1234 Melioremne
541 1183 698 1237 efficit,
725 1188 802 1225 aut
823 1180 1169 1226 laudabiliorem
1187 1177 1255 1220 vi·

81 1234 222 1282 rum?
258 1253 317 1281 an
345 1239 582 1296 quisquam
613 1239 662 1280 in
690 1239 920 1295 potiundis
943 1235 1252 1290 voluptatibus

82 1295 319 1351 gloriando
347 1310 440 1337 sese
465 1303 512 1337 et
538 1295 872 1353 praedicatione
900 1290 1064 1337 effert?
1094 1300 1111 1323 ²
1166 1292 1254 1333 At-

83 1351 162 1449 qui
187 1352 224 1392 si
248 1352 483 1407 voluptas,
521 1366 636 1408 quae
661 1352 964 1407 plurimorum
987 1346 1253 1407 patrociniis

115 1406 368 1463 efenditur,
412 1407 461 1448 in
495 1408 628 1455 rebus
657 1407 785 1450 bonis
810 1406 1013 1450 habenda
1041 1420 1134 1448 non
1163 1410 1256 1457 esu

82 1478 135 1505 ea
167 1477 246 1516 ue,
276 1477 366 1518 quo
390 1471 455 1504 est
472 1464 643 1519 maior,
681 1477 732 1504 eo
752 1463 893 1519 magis
912 1467 1113 1504 mentem
1132 1474 1155 1502 e
1175 1472 1254 1500 sua

83 1479 187 1562 sede
214 1526 259 1561 et
284 1525 405 1560 statu
426 1519 647 1573 dimovet,
685 1519 891 1575 profecto
911 1517 1028 1560 nihil
1046 1525 1112 1558 est
1130 1513 1254 1558 aliud

81 1576 196 1618 bene
223 1581 268 1621 et
295 1574 421 1619 beate
447 1574 623 1630 vivere,
657 1575 746 1619 nisi
772 1575 959 1620 honeste
985 1580 1029 1616 et
1046 1580 1168 1616 recte
1190 1572 1258 1616 vi-

82 1645 198 1676 vere.

132 1827 174 1874 ι)
203 1826 265 1860 Sic
287 1826 459 1873 Langia:
485 1835 522 1861 ec
546 1826 719 1862 Gronov.
749 1836 834 1860 cum
861 1824 993 1859 multis
1013 1824 1108 1859 Mss.
1139 1823 1255 1861 Ἆῑὶοό

87 1870 270 1918 rumfide
291 1874 476 1907 Gruterus
497 1871 594 1908 inter
620 1872 821 1917 repetitum
842 1870 1000 1905 delevit.

135 1924 171 1956 2>
198 1919 262 1952 sic
289 1917 374 1958 sere
408 1919 534 1952 Ursin-
567 1931 592 1963 er>
614 1920 711 1954 libro
745 1919 830 1952 anti
857 1929 903 1950 uo
940 1920 980 1950 in
1010 1928 1083 1962 quo
1114 1919 1255 1961 reperit

90 1962 284 2010 gloriando
314 1975 353 1998 se
384 1965 493 1998 etiam
515 1963 790 2010 praedieatione
814 1977 832 1997 e
868 1971 934 1997 ert.
984 1963 1029 1996 Ιη
1050 1960 1140 1997 edd.
1162 1974 1255 1998 non·

92 2009 210 2047 nullis
228 2009 449 2059 glotiatione
467 2021 547 2048 eene
569 2020 606 2047 et
626 2008 904 2057 praedicatione
925 2007 1109 2050 extulerit.
