1503 2584
550 118 830 155 PARAnoxA.
1205 124 1274 164 343

114 214 366 273 propositO,
414 226 664 269 numquam
698 212 784 254 eris
816 211 936 254 dives
965 219 1093 268 ante,
1130 226 1272 268 quam

114 273 197 315 tibi
232 286 288 313 ex
318 269 405 312 tuis
434 267 786 326 possessionibus
817 275 990 310 tantum
1022 269 1274 323 reficiatur,

114 335 164 370 ut
183 345 237 371 eo
255 327 372 370 tueri
390 341 469 368 sex
487 326 690 382 legiones
703 356 715 379 ,
754 331 799 366 et
820 339 982 381 magna
1004 325 1204 382 equitum
1223 339 1273 366 ac

113 386 314 442 peditum
339 383 504 424 auxilia
519 381 671 439 possis.
719 379 815 422 Iam
834 378 986 422 fateris
1004 381 1156 436 igitur,
1178 396 1273 424 non

113 455 206 483 esse
233 448 276 482 te
304 439 511 492 divitem,
555 438 629 480 cui
653 443 827 480 tantum
848 437 983 492 desit,
1023 446 1073 479 ut
1092 436 1274 494 expleas

112 497 183 548 id,
212 496 329 553 quod
349 503 549 551 exoptas.
605 493 758 550 Itaque
783 493 914 535 istam
935 500 1274 550 paupertatem,

111 554 182 596 vel
220 553 373 608 potius
408 558 646 606 egestatem
686 565 735 591 ac
771 549 1111 592 mendicitatem
1148 556 1273 593 tuam

111 623 359 665 numquam
380 607 568 648 obscure
587 605 744 649 tulisti.

248 720 305 763 ΙΙ.
362 720 482 761 Nam
510 725 560 760 ut
585 718 663 773 iis,
702 716 779 774 qui
802 716 988 760 honeste
1015 732 1112 759 rem
1140 732 1274 774 quae-

109 783 221 819 runt
248 775 510 818 mercaturis
529 774 745 817 faciendis
761 805 773 827 ,
811 774 959 830 operis
980 774 1161 830 dandis,
1191 791 1274 831 pu-

109 833 239 874 blicis
257 832 508 883 sumendis,
536 831 831 887 intelligimus
853 844 966 886 opus
990 845 1082 872 esse
1101 832 1274 887 quaesi7

109 897 181 930 to:
219 889 306 937 sic,
336 888 410 944 qui
438 888 560 929 videt
589 887 710 929 domi
734 892 836 928 tuae
858 887 1028 943 pariter
1044 895 1273 929 accusato-

105 960 210 986 rum
263 953 397 1000 atque
447 943 651 984 iudicum
702 951 720 973 1
768 943 1046 985 consociatos
1089 958 1272 1000 greges;

107 1001 186 1056 qui
207 1006 417 1042 nocentes
437 1007 480 1041 et
505 1000 775 1056 pecuniosos
794 1014 917 1054 reos,
954 999 1109 1041 eodem
1135 1006 1176 1041 te
1194 1015 1272 1042 au-

103 1063 228 1098 ctore
259 1055 563 1111 corruptelam
590 1055 751 1097 iudicii
779 1056 1040 1111 molientes,
1069 1056 1146 1112 qui
1173 1064 1271 1099 tuas

106 1112 366 1154 mercedum
404 1113 631 1167 pactiones
658 1112 708 1153 in
736 1113 1022 1170 patrociniis,
1057 1113 1274 1154 interces-

105 1169 254 1210 siones
289 1168 584 1224 pecuniarum
622 1168 670 1210 in
706 1169 973 1210 coitionibus
1012 1169 1272 1212 candidato-

105 1240 234 1279 rum,
280 1224 557 1267 dimissiones
589 1224 856 1267 libertorum
893 1226 946 1267 ad
974 1224 1270 1270 foenerandas

104 1281 468 1338 diripiendasque
491 1281 765 1338 provincias;
801 1282 876 1337 qui
898 1282 1186 1338 expulsiones
1205 1283 1273 1325 vi-

106 1338 311 1380 cinorum
326 1371 338 1392 ,
399 1337 443 1378 ui
461 1337 696 1380 latrocinia
717 1338 763 1380 in
785 1339 929 1394 agriS,
962 1339 1040 1395 qui
1058 1353 1163 1390 cum
1181 1352 1272 1381 ser·
1290 1368 1302 1377 -

103 1394 194 1448 vis,
239 1410 343 1436 cum
394 1393 571 1450 ibertis,
608 1409 712 1436 cum
743 1394 983 1436 clientibus
1011 1395 1271 1453 societates,

103 1452 179 1507 qui
201 1449 498 1507 possessiones
517 1465 700 1505 vacuaS,
739 1452 817 1506 qui
837 1451 1186 1508 proscriptiones
1204 1453 1272 1496 lo-

104 1507 378 1563 cupletium,
419 1507 494 1563 qui
514 1507 668 1548 caedes
696 1507 1074 1563 municipiorum,
1112 1508 1189 1565 qui
1217 1510 1271 1551 il-

101 1562 194 1605 lam
222 1562 398 1604 Sullani
423 1564 636 1619 temporis
663 1577 850 1605 messem
879 1561 1164 1620 recordetur,
1193 1562 1271 1623 qui

101 1618 298 1660 sublatos
327 1626 395 1660 tot
419 1618 651 1675 homines,
688 1620 767 1677 qui
797 1621 987 1676 denique
1018 1621 1170 1663 omnia
1196 1636 1272 1664 ve-

104 1674 250 1730 nalia,
297 1675 546 1730 delectum,
592 1677 850 1732 decretum,
888 1677 1104 1734 alienam,
1140 1693 1268 1722 suam

101 1732 399 1786 sententiam,
442 1730 619 1788 forum,
666 1733 877 1788 domum,
917 1747 1099 1787 vocem,
1136 1736 1271 1778 silen-

100 1787 242 1828 tium:
271 1787 368 1842 quis
388 1787 510 1829 hunc
529 1803 623 1830 non
641 1795 770 1845 putet
792 1788 1014 1844 confiteri,
1034 1791 1116 1832 sibi
1136 1807 1271 1847 quae-

102 1843 186 1884 sito
217 1858 329 1898 opus
358 1839 486 1885 csse?
531 1845 607 1886 cui
639 1853 790 1886 autem
818 1846 1018 1902 quaesito
1046 1862 1157 1904 opus
1184 1850 1268 1906 sit,

101 1898 200 1954 quis
232 1914 446 1954 umquam
475 1900 596 1943 hunc
625 1916 727 1943 vere
754 1901 921 1944 dixerit
940 1903 1154 1950 divitem?
1201 1915 1267 1949 est

102 1954 226 1997 enim
255 1955 512 1998 divitiarum
531 1957 705 2001 fructus
723 1958 769 1999 in
793 1960 945 2015 copia:
982 1961 1160 2018 copiam
1190 1978 1269 2006 au·

102 2072 405 2088 -—-——

150 2149 187 2224 ¹?
213 2148 375 2188 indicum
406 2165 426 2185 e
458 2152 636 2190 Lambini
664 2160 882 2192 coniectura
916 2155 1024 2192 dedic
1058 2159 1265 2201 Gruterus,-

101 2208 216 2232 mas.
