1503 2584
286 124 355 163 ποθ
539 120 752 158 Τυεουι.
785 115 1216 159 DISPUTATloNUM'

291 214 617 257 cetera‘literis
644 213 938 269 mandarent,
975 215 1051 256 alii
1078 216 1148 257 ius
1178 216 1333 272 civile,
1378 212 1455 259 alii

289 272 516 314 orationes
567 285 666 311 suas
683 301 695 325 ,
744 271 822 312 alii
865 280 1160 314 monumenta
1207 273 1453 314 maiorum:

287 327 404 370 hanc
424 324 748 383 amplissimam
767 327 970 369 omnium
991 328 1154 376 artium
1177 329 1286 370 bene
1304 329 1456 370 viven-

289 383 338 426 di
369 383 655 440 disciplinam
681 383 773 423 vita
799 383 966 439 magis,
995 398 1129 439 quam
1146 384 1286 427 literis
1305 399 1457 441 perse-

289 439 386 481 cuti
422 447 539 480 sunt.
616 438 770 495 Itaque
814 438 937 481 illius
975 451 1105 482 verae
1153 441 1454 498 elegantisque

286 495 628 551 philosophiae,
661 510 772 551 quae
793 495 926 537 ducta
958 510 982 536 a
1005 496 1185 539 Socrate
1206 499 1252 539 in
1277 498 1457 552 Peripa-

286 551 437 594 teticis
473 550 619 593 adhuc
657 551 927 607 permansit,
973 558 1018 593 et
1054 551 1173 594 idem
1200 553 1288 595 alio
1316 553 1454 594 modo

289 607 543 650 dicentibus
585 608 770 663 Stoicis,
814 621 954 664 quum
993 608 1258 651 Academici
1297 621 1456 652 eorum

286 664 615 706 controversias
654 664 980 721 disceptarent,
1028 666 1153 707 nulla
1190 666 1286 708 fere
1325 671 1454 721 sunt,

287 727 367 763 aut
395 734 538 777 pauca
567 719 812 762 admodum
832 721 992 762 Latina
1012 729 1328 778 monumenta,
1363 722 1454 763 sive

284 783 475 835 propter
510 776 871 832 magnitudinem
908 790 1061 818 rerum
1089 780 1457 834 occupationem·

285 849 374 890 que
407 833 670 888 hominum,
705 833 794 874 sive
823 833 983 888 etiam,
1019 833 1138 889 quod
1160 834 1382 890 imperitis
1403 847 1455 877 ea

285 888 472 946 probari
510 903 635 944 posse
676 903 769 930 non
806 888 1162 933 arbitrabantur:
1212 904 1348 946 quum
1386 890 1457 932 in-

286 945 449 998 terim,
484 943 576 985 illis
595 944 830 986 silentibus
857 944 907 985 C.
928 944 1182 987 Amafinius
1202 947 1372 989 exstitit
1391 947 1457 987 di-

287 1014 416 1043 cens:
450 1007 470 1029 1
518 1001 643 1041 cuius
671 1000 797 1041 libris
825 999 954 1041 editis
994 1009 1221 1044 commota
1249 1002 1456 1048 multitu-

287 1055 346 1099 do
375 1057 571 1099 contulit
596 1072 641 1098 se
667 1056 721 1097 ad
743 1055 931 1098 eandem
951 1056 1239 1114 potissimum
1258 1054 1458 1115 discipli-

286 1122 418 1168 nam,
457 1113 548 1156 sive
582 1113 703 1169 quod
734 1118 829 1154 erat
858 1114 1045 1169 cognitu
1077 1113 1330 1170 perfaciliS,
1363 1114 1454 1168 sive

288 1170 411 1226 quod
438 1169 744 1211 invitabantur
774 1177 790 1200 2
818 1169 1041 1211 illecebris
1070 1169 1260 1212 blandae
1286 1177 1302 1209 3
1330 1169 1457 1212 volu-

285 1226 450 1283 ptatis,
486 1226 576 1267 sive
605 1226 764 1280 etiam,
807 1225 912 1280 quia
943 1225 1056 1267 nihil
1090 1226 1320 1282 prolatum
1356 1229 1456 1268 erat

285 1282 474 1337 melius,
518 1282 658 1337 illud,
717 1283 837 1338 quod
878 1290 997 1338 erat,
1045 1281 1271 1324 tenebant.
1344 1281 1455 1324 Post

286 1338 570 1381 Amafinium
592 1346 741 1380 autem
764 1338 898 1380 multi
917 1338 1115 1379 eiusdem
1134 1339 1298 1382 aemuli
1317 1339 1456 1380 ratio-

288 1395 357 1437 nis
393 1394 535 1435 multa
572 1409 713 1450 quum
741 1393 1045 1450 scripsissent,
1090 1392 1269 1436 ltaliam
1307 1401 1453 1437 totam

286 1457 647 1506 occupaverunt:
692 1451 899 1506 quodque
933 1451 1185 1492 maximum
1213 1465 1454 1507 argumen-

287 1513 385 1548 tum
416 1514 503 1560 est,
543 1521 636 1548 non
664 1505 753 1547 dici
779 1506 857 1548 illa
880 1506 1129 1561 subtiliter,
1167 1509 1287 1563 quod
1316 1514 1362 1548 et
1387 1506 1455 1548 fa-

287 1563 370 1603 cile
400 1570 424 1594 4
455 1563 783 1605 ediscantu1=·et
813 1561 867 1603 ab
895 1562 1087 1604 indoctis
1106 1563 1376 1618 probentur,
1405 1562 1453 1605 id

285 1618 352 1660 illi
371 1620 707 1661 firmamentum
726 1633 818 1660 esse
837 1617 1103 1673 disciplinae
1125 1626 1300 1674 putant.

296 1773 298 1775 .
425 1730 509 1773 IV.
568 1731 656 1773 Sed
686 1729 899 1773 defendat
925 1730 1045 1786 quod
1078 1729 1261 1788 quisque
1290 1727 1451 1777 sentit:

286 1792 391 1829 sunt
417 1786 539 1829 enim
563 1787 728 1830 iudicia
756 1787 919 1829 libera:
948 1802 1029 1829 nos
1047 1786 1310 1830 institutum
1328 1797 1452 1851 tene-f

334 1977 368 2013 ι)
396 1970 524 2006 dicens
545 1969 750 2007 delendum
770 1971 944 2008 censebat
957 1973 1177 2008 Lambinus.
1196 1969 1384 2009 Bokeria:
1400 1982 1452 2009 en

288 2017 351 2052 ed.
374 2027 452 2052 vet.
476 2018 613 2053 docent

333 2067 368 2103 π)
400 2064 519 2103 Vulgo
555 2065 786 2101 invitabatur.
815 2066 905 2101 Em.
927 2065 1125 2106 invitabat;
1165 2066 1300 2102 melin
1322 2065 1453 2113 Wolf·

286 2108 546 2144 invitabantur.

330 2158 368 2200 3)
395 2156 461 2189 Ιια
484 2159 628 2192 Davis.
651 2158 745 2198 Ern.
775 2156 899 2203 Wolf.
920 2159 1024 2194 Olim
1045 2157 1207 2194 blandi·-

331 2207 369 2246 4)
397 2201 458 2237 δίο
484 2203 608 2249 Wolf.
645 2205 769 2251 Vulgo
791 2206 916 2241 etiam.
984 2230 986 2232 -
