1503 2584
253 150 322 187 116
502 149 713 186 TUSCUL.
738 148 1166 189 DISPUI'ATIONUM

256 237 429 285 decus?
484 244 545 285 A.
575 244 685 285 Non
716 242 858 284 audeo
885 242 931 284 id
959 243 1107 286 dicere
1135 242 1342 301 quidem,
1379 252 1421 287 et

258 315 333 343 me
362 299 502 355 pudet
528 308 622 341 tam
650 298 738 340 cito
764 299 817 341 de
834 300 1054 342 sententia
1074 315 1164 356 esse
1185 302 1421 342 deiectum.

257 356 326 400 M.
346 356 495 412 Magis
515 361 627 397 esset
647 355 906 411 pudendum
920 388 932 411 ‚
963 356 997 397 si
1016 355 1063 397 in
1083 358 1301 400 sententia
1322 373 1423 415 per-

192 438 196 441 -
256 426 477 456 maneres,
529 410 649 463 Quid
670 411 791 452 enim
812 410 958 453 minus
981 420 1046 453 est
1066 412 1269 468 dignum,
1288 429 1422 470 quam

256 469 342 511 tibi
368 468 495 532 peius
521 467 768 524 quidquam
789 467 928 508 videri
950 468 1190 523 dedecore,
1224 468 1421 526 flagitio,

258 518 583 582 turpitudine?
631 537 744 579 quae
780 531 829 564 ut
865 524 1073 579 effugias,
1113 525 1210 580 quis
1239 534 1303 569 est
1329 541 1422 567 non

256 582 398 624 modo
419 589 432 613 ¹
457 579 755 632 recusandus,
783 579 861 621 sed
881 594 973 621 non
993 579 1112 620 ultro
1132 582 1423 637 appetendus,

256 637 534 688 subeundus,
557 635 852 690 excipiendus
873 636 1004 677 dolor
1015 632 1039 677 ’Β
1078 636 1130 676 A.
1152 636 1219 678 Ita
1241 653 1420 690 prorsus

257 694 482 736 existimo.
504 693 656 743 Quare
669 706 723 732 ne
737 691 792 733 sit
806 706 909 733 sane
921 706 1145 733 summum
1161 693 1333 735 malum
1345 694 1422 735 do-

256 749 356 802 lort,
375 749 543 791 malum
565 755 687 789 certe
706 753 785 788 est.
817 747 881 788 M.
899 747 1091 790 Videsne
1111 748 1261 804 igitur,
1283 764 1424 806 quan-

255 813 371 861 tum,
393 805 589 847 breviter
608 803 883 858 admonitus,
904 804 959 845 de
972 804 1137 845 doloris
1154 811 1329 846 terrore
1348 807 1424 847 de-

254 857 452 904 ieceris'?
480 859 697 903 A.Vide0
718 858 874 915 plane,
895 859 969 901 sed
993 859 1092 916 plus
1112 859 1326 903 desidero.
1355 861 1422 903 M.

255 917 483 975 Experiar
503 915 736 971 equidem,
764 915 839 956 sed
860 931 1023 972 magna
1043 931 1110 957 res
1132 923 1220 970 est,
1251 919 1424 959 animo-

256 989 345 1029 que
363 972 478 1015 mihi
498 987 523 1013 ο
559 985 609 1012 us
629 979 694 1011 est
712 986 804 1011 non
830 979 1125 1027 repugnante.
1183 973 1245 1014 A.
1272 973 1424 1014 Habe-

255 1028 326 1070 bis
356 1028 404 1070 id
433 987 632 1083 quiXem.
699 1026 763 1067 Ut
789 1026 909 1067 enim
939 1027 1033 1067 heri
1059 1027 1169 1081 feei,
1209 1029 1270 1070 sic
1301 1045 1423 1070 nuno

255 1084 509 1140 rationem,
526 1090 630 1139 'quo
650 1095 702 1124 ea
718 1095 791 1123 me
810 1096 1002 1139 cumque
1023 1083 1181 1140 ducet,
1210 1098 1382 1142 sequar.

396 1196 480 1241 VI.
537 1195 603 1238 M.
634 1194 841 1238 Primum
869 1194 1007 1252 igitur
1037 1194 1091 1237 de
1117 1195 1424 1239 imbecillitate

256 1254 512 1299 multorum
532 1259 577 1294 et
598 1251 652 1294 de
671 1252 803 1294 variis
817 1259 839 1280 2
865 1251 1112 1309 disciplinis
1126 1253 1425 1310 philosopho·-

256 1327 361 1355 rum
387 1310 572 1365 loquum
607 1322 802 1364 quorum
829 1308 1037 1372 princeps
1061 1315 1104 1350 et
1129 1310 1421 1363 auctoritate,

255 1375 302 1410 et
321 1366 610 1422 antiquitate,
638 1364 894 1406 Socraticus
915 1364 1202 1421 Aristippus,
1230 1380 1321 1408 non
1342 1367 1424 1407 du-

255 1422 416 1466 bitavit
442 1434 675 1463 summum
701 1420 873 1462 malum
890 1420 1093 1462 dolorem
1112 1422 1273 1463 dicere.
1332 1422 1424 1464 De-

255 1480 363 1523 inde
383 1478 436 1520 ad
460 1477 578 1519 hanc
594 1483 850 1519 enervatam
871 1477 1226 1534 muliebremque
1246 1487 1426 1521 senten.-

255 1536 370 1578 tiam
388 1534 493 1576 satis
513 1532 708 1574 docilem
727 1546 771 1573 se
782 1532 1009 1589 Epicurus
1030 1533 1253 1589 praebuit.
1283 1535 1327 1578 H
1334 1550 1420 1577 unc

254 1598 361 1650 post
402 1589 608 1632 Rhodius
651 1588 987 1645 Hieronymus,
1046 1589 1203 1632 dolore
1239 1605 1423 1647 vacare,

255 1661 487 1690 summum
506 1645 676 1686 bonum
696 1645 833 1697 dixit;
861 1652 1040 1687 tantum
1058 1646 1106 1688 in
1122 1646 1277 1689 dolore
1291 1647 1423 1691 duxit

255 1703 382 1746 mali.
440 1701 612 1757 Ceteri,
640 1709 820 1757 praeter
848 1702 1104 1756 Zenonem,
1133 1702 1421 1760 Aristonem,

256 1760 571 1817 Pyrrhonem,
608 1758 729 1801 idem
757 1757 876 1814 fere,
911 1759 1031 1816 quod
1059 1758 1196 1801 modo
1216 1767 1290 1802 tu:
1326 1775 1423 1804 ma-

306 1912 339 1948 1)
370 1909 494 1954 Vulgo
515 1920 591 1941 non
613 1907 727 1942 modo
748 1920 841 1943 non.
879 1909 1054 1944 Alterum
1075 1922 1149 1944 non
1165 1908 1268 1956 quod
1287 1914 1323 1945 in
1342 1916 1423 1946 saie

254 1955 356 1988 ΜΝ.
378 1967 450 1988 non
469 1958 607 1988 reverit
630 1956 773 1988 Davis.
799 1957 1014 2002 emittitque
1038 1962 1154 1990 etiam
1175 1956 1302 2001 Gueff.
1335 1970 1419 1992 cum.

257 1999 392 2033 eodem
424 2009 460 2032 ec
486 1998 629 2045 Wolfio
659 2005 851 2046 expunxi,
885 2007 1060 2048 quamvis
1078 2003 1281 2038 Ernesctus
1301 2002 1344 2038 id
1363 2017 1423 2037 re-

257 2045 452 2080 tinendum
480 2047 681 2080 censuerit.

299 2092 341 2138 ᾳ)
365 2091 557 2126 Βεηιίεἱιιε
579 2093 748 2127 malebat
770 2103 807 2127 et
825 2106 844 2128 e
865 2094 967 2127 variis
990 2092 1215 2138 disciplinis,
1241 2093 1345 2141 quod
1362 2108 1420 2129 re.

254 2137 355 2180 cepit
378 2138 581 2171 Davisius.
635 2138 710 2173 Sed
729 2142 891 2184 vulgata
905 2145 960 2173 sic
979 2139 1253 2185 intelligenda.-
1281 2140 1328 2175 de
1348 2142 1416 2175 im-

253 2182 456 2262 R.PCi.¹¹³lf⁸t.e
491 2183 687 2219 multorum
723 2183 1034 2234 philosophorum
1073 2198 1276 2234 eorumque
1311 2187 1417 2223 varii·

283 2241 370 2275 iscip
390 2240 474 2264 mn.
