1503 2584
482 163 878 202 Pnomoommm
1214 174 1262 212 25

101 265 250 318 spiciat
271 257 528 309 venientem,
566 275 643 300 nec
670 261 939 314 praetefritam
966 265 1261 315 praeterfluere

101 324 229 367 sinat,
259 319 438 371 Epicuro
457 324 624 356 auctore
643 325 862 370 perpetuas
889 325 931 357 et
951 325 1162 359 contextas
1182 336 1260 361 vo-

102 380 279 429 luptates
298 375 341 412 in
362 375 544 426 sapiente
562 374 669 421 sore,
705 389 738 420 c·
760 386 810 426 29
833 394 883 402 -
908 375 972 414 33.
1033 375 1192 415 Similia
1209 379 1261 418 ad

102 435 258 473 victum
280 431 510 479 transferri,
539 432 836 481 extenuarique
855 431 1197 484 magnificentiam
1222 441 1268 474 eb

101 495 290 551 surnptus
303 487 528 539 epularum,
560 501 591 524 c.
607 487 801 528 342-1235.
830 486 972 540 Neque
987 490 1271 541 veroignobiae

99 545 273 593 litatem,
303 550 375 581 aut
397 543 686 598 bumilitatem,
716 547 787 581 aut
807 544 1047 595 popularem
1067 547 1262 586 offensio-

102 615 198 641 nem
217 601 440 652 sapientem
467 600 629 637 beatum
651 612 736 637 esse
755 599 976 650 prohibere
995 602 1106 640 αδδ.
1127 616 1262 654 neque

104 658 310 704 exsilium,
329 655 437 707 quod
450 657 492 694 in
512 655 702 693 maximis
720 656 835 693 malis
848 656 1034 695 ducatur.
1046 672 1078 696 c.
1090 659 1156 710 37.
1178 658 1262 700 Iam

102 728 204 761 vero
223 719 356 751 motus
378 712 517 759 animi,
546 711 864 759 sollicitudines,
892 714 1166 764 aegritudines
1187 716 1264 755 ob-

104 771 260 810 livione
274 768 409 813 leniri,
431 768 630 805 traductis
649 768 795 806 animis
814 768 865 806 ad
883 769 1150 821 voluptatem.
1177 771 1263 810 lta-

103 839 183 879 que
202 839 277 865 nec
295 824 544 871 caecitatem,
568 837 645 861 nec
663 824 916 873 surditatem,
945 839 1021 864 nec
1040 829 1264 868 acerrimos

106 882 291 935 corporis
319 880 481 919 dolores
512 880 760 932 sapientium
790 887 1031 932 perpetuam
1062 882 1164 923 bene
1194 886 1265 923 vi..

103 939 229 978 vendi
256 938 495 978 facultatem
522 936 736 989 impedire.
795 936 845 975 Et
874 951 1001 989 quum
1026 939 1113 978 hoc·
1133 941 1202 980 vel
1228 941 1262 980 ii

105 994 343 1048 philosophi
382 993 542 1041 dicant,
587 1006 762 1044 quorum
800 1006 848 1031 ea
871 996 1075 1034 sententia
1101 998 1174 1046 sit,
1215 1004 1265 1038 ut

105 1052 240 1090 virtus
266 1064 342 1102 per
371 1063 412 1087 se
440 1050 530 1100 ipsa
560 1049 668 1087 nihil
694 1049 847 1097 valeat,
887 1051 1017 1089 multo
1055 1055 1182 1106 magis
1217 1054 1264 1094 id

106 1121 192 1147 esse
209 1104 465 1159 philosophis
485 1119 507 1143 a
525 1105 693 1143 Socrate
719 1110 759 1142 et
777 1105 946 1145 Platone
974 1109 1170 1159 profectis
1197 1112 1264 1150 fa-

75 1179 79 1185 ·
104 1163 320 1210 ciendum,
349 1174 523 1213 quorum
543 1161 614 1199 alii
630 1166 787 1199 tantam
812 1164 1103 1213 praestantiam
1122 1167 1165 1205 in
1187 1169 1264 1206 bo-

105 1219 173 1259 nis
192 1219 320 1256 animi
338 1230 424 1255 esse
441 1217 604 1266 dicant,
638 1223 686 1255 ut
706 1216 756 1254 ab
776 1217 838 1255 his
859 1220 1042 1270 corporis
1063 1227 1103 1259 et
1120 1231 1264 1262 exter-

106 1289 162 1315 na
181 1276 472 1319 obscurentur,
503 1273 572 1311 alii
599 1279 734 1311 autem
766 1272 867 1311 haec
894 1287 945 1312 ne
965 1275 1072 1315 bona
1095 1280 1261 1330 quidem

107 1331 283 1380 ducant,
318 1329 364 1368 in
382 1327 520 1368 animo
535 1334 740 1381 reponant
759 1330 917 1369 0mnia:
938 1344 972 1370 c.
995 1332 1048 1373 38
1067 1353 1119 1362 —
1139 1337 1206 1376 41,
