1503 2584
265 119 334 154 ²08
521 110 734 147 ‘IUSCUL-
758 107 1186 148 DISPUTATmNUM

340 212 361 217 ’“
401 204 466 248 V.
524 205 592 247 M.
606 203 1033 260 QuiaChrysippus,
1055 196 1271 259 etBtoici‚
1291 217 1433 262 quum

267 262 322 304 de
340 261 479 304 animi
504 258 917 318 perturbationibus
938 260 1189 318 disputant,
1221 275 1433 317 magnam

267 325 443 373 partem
461 318 508 359 in
533 317 601 357 his
618 315 865 372 partiendis
889 323 935 357 et
956 316 1220 359 definiendis
1241 330 1435 373 occupa·
1486 358 1489 368 ‚

267 375 306 415 ti
334 380 461 417 sunt:
498 372 576 414 illa
603 386 762 414 eorum
790 373 1036 429 perexigua
1057 374 1200 415 oratio
1225 380 1315 429 est,
1345 380 1431 429 qua
1486 370 1489 400 ἶ

266 430 532 472 medeantur
570 428 752 482 aniam,
799 442 882 470 nec
919 443 993 470 eos
1027 430 1310 471 turbulentos
1338 441 1430 469 esse

266 486 507 543 patiantur.
578 484 870 538 Peripatetici
905 492 1055 526 autem
1093 486 1149 527 ad
1185 483 1433 542 placandos

267 542 442 584 animos
460 540 605 582 inulta
625 539 843 582 afferunt:
870 541 1019 597 spinas
1044 541 1269 596 partiendi
1294 548 1338 582 et
1357 540 1433 582 de-

267 597 463 641 finiendi
490 598 870 653 praetermittunt.
947 596 1230 648 Quaerebam
1267 597 1433 654 igitur,

266 661 425 702 utrum
461 652 706 710 panderem
735 652 831 694 vela
859 653 1073 694 orationis
1107 655 1283 708 statim,
1316 662 1327 685 ¹
1373 667 1432 693 an

266 724 367 751 eam
393 716 496 750 ante
526 708 781 763 paullulum
812 707 1148 749 dialecticorum
1171 710 1306 750 remis
1327 721 1436 764 pro-

267 765 499 822 pellerem.
557 764 618 806 A.
644 765 736 806 Isto
756 763 894 806 modo
912 777 1031 806 vero.
1084 764 1186 806 Erit
1206 764 1326 806 enim
1344 764 1434 805 hoc

265 829 439 876 totum,
486 819 607 876 quod
632 834 821 876 quaem,
866 833 923 865 ex
951 826 1143 876 utroque
1170 818 1432 877 perfectius.

266 878 443 925 M‚1Est
468 876 516 918 id
545 874 727 931 quidem
754 875 943 918 rectius:
977 876 1053 916 sed
1082 883 1183 930 post
1208 877 1433 934 requires,

267 935 305 975 si
333 932 440 990 quid
467 931 605 973 fuerit
631 931 878 973 obscurius.
932 931 989 972 A.
1014 930 1191 973 Faciam
1211 932 1432 987 equidem.

269 990 343 1031 Tu
385 995 561 1043 tamen,
608 994 658 1028 ut
685 987 824 1039 soles,
860 985 980 1027 dices
1005 987 1089 1028 ista
1119 986 1216 1043 ipsa
1243 988 1433 1031 obscura

267 1045 468 1103 planiuS,
510 1058 645 1101 quam
672 1043 886 1085 dicuntur
914 1057 938 1083 a
967 1041 1171 1084 Graecis.
1226 1043 1292 1086 M.
1321 1044 1436 1086 Eni-
1496 1053 1498 1070 ¹

268 1109 341 1150 tar
364 1099 594 1157 equidem:
630 1099 708 1142 sed
733 1100 909 1142 intento
941 1113 1053 1155 opus
1080 1106 1146 1141 est
1173 1101 1346 1153 animo,
1375 1116 1432 1143 ne

269 1158 422 1200 omnia
439 1156 720 1212 dilabantur,
743 1161 765 1185 ⁹
792 1156 830 1197 si
849 1169 993 1197 unum
1012 1155 1193 1212 aliquod
1212 1157 1434 1213 effugerit.

268 1226 500 1284 Quoniam
543 1238 656 1281 quae
689 1223 855 1265 Graeci
883 1213 1018 1274 πάθη
1065 1231 1251 1280 vocant,
1304 1225 1433 1268 nobis

268 1281 629 1340 perturbationes
665 1279 882 1337 appellari
917 1280 1060 1334 magis
1087 1279 1257 1336 placet,
1297 1284 1430 1338 quam

268 1337 475 1381 morbos:
496 1338 546 1379 in
565 1336 632 1378 his
651 1334 930 1392 explicandis
950 1342 1144 1377 veterem
1163 1337 1290 1378 illam
1311 1338 1436 1394 equi-

270 1395 373 1436 dem
394 1394 676 1451 Pythagorae
699 1392 897 1448 primum
912 1422 924 1445 ‚
953 1390 1112 1433 deinde
1134 1393 1334 1435 Platonis
1359 1394 1435 1434 de·-

268 1451 563 1507 scriptionem
593 1463 775 1506 sequar3
810 1447 887 1503 qui
915 1447 1120 1489 animum
1141 1449 1188 1490 in
1207 1449 1314 1491 duas
1334 1465 1436 1507 par·

269 1514 336 1549 tes
364 1506 595 1557 dividunt3
642 1505 826 1547 alteram
853 1501 1045 1544 rationis
1072 1505 1338 1562 participem
1368 1505 1436 1548 fa-

270 1564 421 1616 ciunt,
458 1562 644 1603 alteram
671 1567 921 1617 expertem..
976 1558 1029 1600 In
1056 1560 1273 1618 participe
1298 1562 1436 1604 ratio-

271 1620 339 1662 nis
368 1624 547 1674 ponunt
571 1617 968 1673 tranquillitatem,
1003 1616 1048 1656 id
1080 1623 1166 1670 est,
1206 1618 1433 1672 placidam

272 1675 557 1732 quietamque
584 1671 905 1715 constantiam:
944 1674 992 1713 in
1015 1671 1092 1713 illa
1121 1673 1259 1715 altera
1283 1682 1431 1716 motus

271 1731 479 1774 turbidos
510 1736 607 1770 tum
638 1729 750 1782 irae,
799 1735 899 1769 tum
935 1727 1213 1784 cupiditatis,
1258 1736 1436 1771 contra·

272 1788 366 1830 rios
392 1786 689 1842 inimicosque
717 1784 897 1826 rationi.
964 1783 1033 1825 Sit
1061 1785 1199 1840 igitur
1228 1785 1298 1827 hic
1319 1785 1433 1828 fons.

273 1844 466 1887 Utamur
486 1849 654 1897 tamen,
678 1841 727 1884 in
749 1839 821 1883 his
839 1840 1251 1897 perturbationibus
1272 1842 1437 1884 descri-

1328 1899 1438 1942 ben-

323 2050 362 2087 ἢ
388 2047 569 2082 Boherius
597 2051 635 2081 in
654 2047 733 2081 Ms.
759 2049 899 2092 reperit
927 2045 1104 2082 additum
1129 2047 1227 2083 velut
1246 2048 1436 2094 egredien-

278 2106 331 2132 te·
354 2109 372 2130 e
394 2104 503 2141 portu
518 2118 529 2133 ,
552 2091 655 2140 quod
678 2103 805 2135 tamen
819 2093 1014 2139 glossator
1033 2095 1172 2140 aliquis
1193 2108 1213 2128 e
1230 2098 1435 2142 superiori-

279 2143 348 2181 bus
368 2142 532 2184 repetiit.
1295 2141 1300 2144 ’
1319 2165 1321 2168 -

323 2192 359 2230 2)
387 2187 587 2223 Ernescius
610 2189 711 2221 coni.
736 2183 943 2223 elabantur.
