1503 2584
162 164 167 169 '
191 166 240 210 34
436 160 652 197 .TUSCUL.
689 158 1117 196 DISPUTATIONUM

197 253 309 297 mihi
333 252 505 296 Latinis
526 253 669 295 literis
692 252 1014 294 illustrandum
1037 251 1219 309 putavi,
1255 260 1364 309 non,

200 311 303 368 quia
323 310 607 367 phiiosophia
633 309 816 351 Graecis
837 316 881 350 et
900 308 1066 362 literis,
1088 319 1101 343 ¹
1138 318 1182 351 et
1210 309 1366 351 docto-

199 367 325 408 ribus
348 366 514 423 percipi
534 381 624 407 non
646 373 814 421 posset:
836 365 913 406 sed
933 378 1088 406 meum
1110 380 1286 422 semper
1297 366 1365 406 iu-

201 423 369 464 dicium
397 422 505 475 fuit,
544 421 693 463 onmia
724 427 899 461 nostros
929 427 1005 462 aut
1031 422 1253 463 invenisse
1284 436 1365 477 per

201 494 248 520 se
276 478 542 535 sapientius,
571 491 704 533 quam
735 476 955 530 Graecos3
994 484 1069 518 aut
1098 486 1278 533 accepta
1310 477 1365 517 ab

202 534 318 588 illis,
358 533 510 574 fecisse
538 533 748 588 meliora,
788 547 899 588 quae
924 533 1105 589 quidem
1128 533 1261 589 digna
1281 541 1369 574 sta-

203 591 416 644 tuissent,
447 590 491 630 in
513 589 674 646 quibus
695 589 988 637 elaborarent.
1047 589 1168 630 Nam
1194 603 1367 643 mores,

204 654 249 687 et
276 646 482 687 instituta
511 645 650 699 vitae,
688 659 846 701 resque
877 644 1142 686 domesticas
1168 659 1218 686 ac
1237 642 1370 685 fami-

202 702 336 744 liures
356 717 436 742 nos
456 701 661 758 profecto
682 707 725 740 et
743 700 900 741 melius
921 708 1102 741 tuemur
1119 708 1162 740 et
1178 700 1370 754 lautiu83

203 774 301 800 rem
322 772 427 800 vero
448 756 675 813 publicam
692 755 835 798 nostri
862 751 1054 792 maiores
1074 759 1191 792 certe
1211 755 1369 793 melio-

204 815 328 855 ribus
365 819 727 863 temperaverunt
766 813 808 848 et
846 806 1062 848 institutis
1103 816 1148 849 et
1181 809 1367 863 legibus.

204 864 328 916 Quid
348 863 507 917 loquar
529 862 583 903 de
605 877 653 903 re
674 856 892 904 militari?
938 862 985 904 in
1008 877 1094 918 qua
1115 879 1255 920 quum
1277 864 1370 904 vir-

207 928 300 961 tute
322 919 460 960 nostri
481 918 674 959 multum
695 918 958 973 valuerunt,
986 924 1084 959 tum
1111 920 1210 973 plus
1232 920 1370 960 etiam

206 975 456 1030 disciplina.
515 974 610 1015 Iam
630 974 732 1027 illa,
763 988 873 1028 quae
897 982 1081 1027 natura,
1111 989 1204 1015 non
1228 974 1368 1016 literis

209 1030 397 1072 assecuti
415 1036 546 1082 sunt,
574 1043 716 1084 neque
741 1044 843 1069 curn
865 1029 1079 1082 Graecia,
1110 1045 1254 1085 neque
1276 1030 1370 1071 ulla

210 1101 315 1127 cum
345 1092 474 1139 gente
495 1092 598 1125 sunt
618 1083 906 1125 conferenda.
962 1084 1088 1135 Quae
1110 1086 1230 1126 enim
1250 1093 1371 1127 tanta

208 1141 426 1198 gravitas,
474 1155 586 1196 quae
623 1147 746 1180 tanta
782 1140 1054 1194 constantia,
1104 1141 1369 1197 magnitudo

211 1198 373 1252 animi,
402 1196 628 1251 probitas,
656 1196 788 1250 fides,
828 1211 940 1252 quae
966 1202 1057 1237 tam
1080 1197 1301 1238 excellens
1321 1197 1371 1238 in

213 1253 339 1294 omni
365 1266 528 1308 genere
559 1252 698 1293 virtus
728 1251 776 1293 in
815 1252 919 1292 ullis
952 1250 1033 1292 suita
1106 1259 1156 1293 ut
1183 1253 1238 1294 sit
1265 1267 1370 1293 cum

210 1309 459 1350 maioribus
505 1307 668 1348 nostris
726 1282 1062 1362 comparanda}
1147 1309 1370 1350 Doctrina

213 1365 402 1406 Graecia
422 1377 526 1416 nos,
551 1369 594 1404 et
611 1363 734 1404 omni
753 1364 990 1404 literarum
1009 1378 1171 1418 genere
1189 1379 1371 1420 supera-

211 1420 302 1462 bat.
359 1420 410 1461 ln
430 1434 517 1476 quo
537 1427 631 1461 erat
650 1419 779 1460 facile
800 1419 976 1460 vincere
997 1434 1088 1460 non
1116 1435 1372 1476 repugnan-

215 1484 289 1518 tes.
357 1477 476 1517 Nam
500 1490 635 1530 quum
655 1475 773 1531 apud
796 1475 992 1516 Graecos
1010 1476 1369 1531 antiquissimum

214 1533 270 1573 sit
288 1547 311 1573 e
333 1531 472 1573 doctis
492 1546 628 1586 genus
650 1539 908 1586 poetarum,
947 1531 982 1571 si
1001 1532 1181 1587 quidem
1202 1533 1372 1574 Home-

212 1603 286 1629 rus
314 1588 423 1642 fuit,
464 1596 507 1629 et
526 1586 751 1629 Hesiodus
775 1593 878 1627 ante
902 1588 1094 1629 Romam
1119 1588 1370 1645 conditam,

212 1643 514 1686 Archilochus
548 1649 766 1700 regnante
797 1642 1018 1685 Romulo:
1064 1645 1201 1686 serius
1230 1645 1373 1701 poeti-

213 1714 312 1740 cam
335 1715 414 1741 nos
434 1699 709 1754 accepiznus3
738 1698 865 1739 annis
889 1700 1007 1740 enim
1028 1698 1120 1742 fere
1140 1712 1204 1748 DX
1222 1708 1238 1730 2
1269 1707 1372 1755 post

212 1755 407 1797 Romam
438 1755 664 1797 conditam
693 1754 851 1797 Livius
878 1754 1078 1796 fabulam
1100 1757 1242 1812 dedit,
1266 1763 1282 1789 3
1320 1756 1371 1797 C.

215 1811 431 1866 Claudio,
480 1811 612 1852 Caeci
640 1811 758 1864 filio,
793 1810 858 1851 M.
887 1810 1137 1867 Tuditano,
1176 1812 1371 1855 consuli-

213 1866 318 1923 bus,
348 1881 466 1909 anno
490 1875 590 1909 ante
609 1874 769 1909 natum
786 1866 1000 1909 Ennium.
1030 1872 1052 1895 ⁴

261 1991 301 2038 ι)
330 1991 416 2026 eod.
442 1993 569 2032 Vae-ic,
592 1992 709 2027 libris.

259 2041 301 2084 2)
332 2039 432 2072 Olim
463 2039 646 2072 edebatur
673 2038 854 2075 CCCCX.
911 2038 987 2074 Sed
1012 2050 1108 2074 coes.
1132 2038 1370 2085 iseifuerum

213 2086 265 2118 A.
290 2085 336 2117 V.
363 2085 402 2118 C.
422 2084 561 2123 DXML

256 2134 293 2171 3)
321 2131 394 2162 Ms.
424 2131 551 2163 Ursini
574 2129 713 2165 docuit.

255 2180 293 2219 4)
324 2176 446 2221 Vulgo
469 2174 686 2209 addebatur
715 2177 776 2224 qui
797 2176 867 2212 fuit
886 2176 1002 2211 maior
1023 2187 1109 2212 natu
1131 2190 1240 2225 quum
1261 2177 1365 2212 Plau·

202 2231 259 2257 tun
288 2231 324 2257 et
345 2221 520 2256 Naevius.
570 2221 646 2257 Sed
673 2220 742 2258 hoc
771 2225 939 2269 ineptum
974 2234 1047 2262 est,
1088 2237 1198 2269 quum
1221 2233 1367 2259 constet
