<?xml version="1.0" encoding="UTF-8"?>
<!DOCTYPE html PUBLIC "-//W3C//DTD XHTML 1.0 Transitional//EN"
    "http://www.w3.org/TR/xhtml1/DTD/xhtml1-transitional.dtd">
<html xmlns="http://www.w3.org/1999/xhtml" xml:lang="en" lang="en">
 <head>
  <title>
</title>
<meta http-equiv="Content-Type" content="text/html;charset=utf-8" />
  <meta name='ocr-system' content='tesseract 3.04.00' />
  <meta name='ocr-capabilities' content='ocr_page ocr_carea ocr_par ocr_line ocrx_word'/>
</head>
<body>
  <div class='ocr_page' id='page_1' title='image "./operaquaesupersu14ciceuoft/operaquaesupersu14ciceuoft_0303.png"; bbox 0 0 1503 2584; ppageno 0'>
   <div class='ocr_carea' id='block_1_1' title="bbox 320 122 1265 174">
    <p class='ocr_par' dir='ltr' id='par_1_1' title="bbox 320 122 1265 174">
     <span class='ocr_line' id='line_1_1' title="bbox 320 122 1265 174; baseline 0 -15"><span class='ocrx_word' id='word_1_1' title='bbox 320 123 463 160; x_wconf 81' lang='lat' dir='ltr'>LIBER</span> <span class='ocrx_word' id='word_1_2' title='bbox 491 122 737 170; x_wconf 84' lang='lat' dir='ltr'><strong>QUINTUS.-</strong></span> <span class='ocrx_word' id='word_1_3' title='bbox 776 123 882 159; x_wconf 76' lang='lat' dir='ltr'>cAP.</span> <span class='ocrx_word' id='word_1_4' title='bbox 903 123 961 159; x_wconf 81' lang='lat'>26.</span> <span class='ocrx_word' id='word_1_5' title='bbox 981 132 1043 174; x_wconf 77' lang='lat'>27.</span> <span class='ocrx_word' id='word_1_6' title='bbox 1196 131 1265 172; x_wconf 73' lang='lat'>295</span> 
     </span>
    </p>
   </div>
   <div class='ocr_carea' id='block_1_2' title="bbox 77 216 1261 1493">
    <p class='ocr_par' dir='ltr' id='par_1_2' title="bbox 77 216 1261 1493">
     <span class='ocr_line' id='line_1_2' title="bbox 96 216 1245 274; baseline -0.001 -14"><span class='ocrx_word' id='word_1_7' title='bbox 96 217 297 260; x_wconf 74' lang='lat' dir='ltr'>cruciatu</span> <span class='ocrx_word' id='word_1_8' title='bbox 329 222 464 272; x_wconf 83' lang='lat' dir='ltr'>atque</span> <span class='ocrx_word' id='word_1_9' title='bbox 494 216 756 271; x_wconf 81' lang='lat' dir='ltr'>tormentis,</span> <span class='ocrx_word' id='word_1_10' title='bbox 791 230 929 274; x_wconf 90' lang='lat' dir='ltr'>quum</span> <span class='ocrx_word' id='word_1_11' title='bbox 960 216 1245 261; x_wconf 82' lang='lat' dir='ltr'>constituerit</span> 
     </span>
     <span class='ocr_line' id='line_1_3' title="bbox 93 272 1225 330; baseline 0.001 -15"><span class='ocrx_word' id='word_1_12' title='bbox 93 289 186 316; x_wconf 90' lang='lat' dir='ltr'>non</span> <span class='ocrx_word' id='word_1_13' title='bbox 203 272 338 314; x_wconf 89' lang='lat' dir='ltr'>modo</span> <span class='ocrx_word' id='word_1_14' title='bbox 359 287 585 314; x_wconf 87' lang='lat' dir='ltr'>summum</span> <span class='ocrx_word' id='word_1_15' title='bbox 614 272 784 314; x_wconf 79' lang='lat' dir='ltr'>malum</span> <span class='ocrx_word' id='word_1_16' title='bbox 803 287 895 315; x_wconf 82' lang='lat' dir='ltr'>esse</span> <span class='ocrx_word' id='word_1_17' title='bbox 917 273 1144 330; x_wconf 84' lang='lat' dir='ltr'>dolorem,</span> <span class='ocrx_word' id='word_1_18' title='bbox 1181 289 1225 316; x_wconf 86' lang='lat' dir='ltr'>se</span> 
     </span>
     <span class='ocr_line' id='line_1_4' title="bbox 91 323 1261 373; baseline 0.001 -1"><span class='ocrx_word' id='word_1_19' title='bbox 91 330 221 372; x_wconf 80' lang='lat' dir='ltr'>etiam</span> <span class='ocrx_word' id='word_1_20' title='bbox 243 323 425 370; x_wconf 84' lang='lat' dir='ltr'>solum?</span> <span class='ocrx_word' id='word_1_21' title='bbox 470 328 568 370; x_wconf 84' lang='lat' dir='ltr'>Nec</span> <span class='ocrx_word' id='word_1_22' title='bbox 590 342 697 371; x_wconf 84' lang='lat' dir='ltr'>vero</span> <span class='ocrx_word' id='word_1_23' title='bbox 725 328 801 370; x_wconf 85' lang='lat' dir='ltr'>illa</span> <span class='ocrx_word' id='word_1_24' title='bbox 819 328 903 370; x_wconf 81' lang='lat' dir='ltr'>sihi</span> <span class='ocrx_word' id='word_1_25' title='bbox 918 328 1114 370; x_wconf 83' lang='lat' dir='ltr'>remedia</span> <span class='ocrx_word' id='word_1_26' title='bbox 1135 345 1261 373; x_wconf 77' lang='lat' dir='ltr'>com·</span> 
     </span>
     <span class='ocr_line' id='line_1_5' title="bbox 86 384 1256 441; baseline 0.004 -15"><span class='ocrx_word' id='word_1_27' title='bbox 86 385 259 441; x_wconf 82' lang='lat' dir='ltr'>paravit</span> <span class='ocrx_word' id='word_1_28' title='bbox 292 384 347 425; x_wconf 85' lang='lat' dir='ltr'>ad</span> <span class='ocrx_word' id='word_1_29' title='bbox 381 384 663 427; x_wconf 79' lang='lat' dir='ltr'>tolerandum</span> <span class='ocrx_word' id='word_1_30' title='bbox 705 384 936 438; x_wconf 86' lang='lat' dir='ltr'>dolorem,</span> <span class='ocrx_word' id='word_1_31' title='bbox 990 384 1256 431; x_wconf 79' lang='lat' dir='ltr'>firmitatem</span> 
     </span>
     <span class='ocr_line' id='line_1_6' title="bbox 87 440 1256 498; baseline 0.002 -15"><span class='ocrx_word' id='word_1_32' title='bbox 87 440 225 483; x_wconf 84' lang='lat' dir='ltr'>animi</span> <span class='ocrx_word' id='word_1_33' title='bbox 245 471 258 496; x_wconf 93' lang='lat'>,</span> <span class='ocrx_word' id='word_1_34' title='bbox 304 440 599 496; x_wconf 75' lang='lat' dir='ltr'><strong>turpitudinis</strong></span> <span class='ocrx_word' id='word_1_35' title='bbox 635 441 986 498; x_wconf 85' lang='lat' dir='ltr'>verecundiam,</span> <span class='ocrx_word' id='word_1_36' title='bbox 1034 442 1256 485; x_wconf 74' lang='lat' dir='ltr'>exercita-</span> 
     </span>
     <span class='ocr_line' id='line_1_7' title="bbox 85 497 1254 564; baseline 0.003 -27"><span class='ocrx_word' id='word_1_37' title='bbox 85 497 253 537; x_wconf 72' lang='lat' dir='ltr'>tionem</span> <span class='ocrx_word' id='word_1_38' title='bbox 277 497 735 551; x_wconf 82' lang='lat' dir='ltr'>consuetudinemque</span> <span class='ocrx_word' id='word_1_39' title='bbox 754 497 977 554; x_wconf 64' lang='lat' dir='ltr'>patiendi,</span> <span class='ocrx_word' id='word_1_40' title='bbox 1015 506 1254 564; x_wconf 75' lang='lat' dir='ltr'>praecepta</span> 
     </span>
     <span class='ocr_line' id='line_1_8' title="bbox 84 551 1253 608; baseline 0.002 -13"><span class='ocrx_word' id='word_1_41' title='bbox 84 551 384 608; x_wconf 71' lang='lat' dir='ltr'>fortitudinis,</span> <span class='ocrx_word' id='word_1_42' title='bbox 416 553 624 595; x_wconf 87' lang='lat' dir='ltr'>duritiam</span> <span class='ocrx_word' id='word_1_43' title='bbox 644 552 844 608; x_wconf 77' lang='lat' dir='ltr'>virilem,</span> <span class='ocrx_word' id='word_1_44' title='bbox 871 554 947 596; x_wconf 90' lang='lat' dir='ltr'>sed</span> <span class='ocrx_word' id='word_1_45' title='bbox 973 569 1060 596; x_wconf 79' lang='lat' dir='ltr'>una</span> <span class='ocrx_word' id='word_1_46' title='bbox 1077 570 1122 598; x_wconf 86' lang='lat' dir='ltr'>se</span> <span class='ocrx_word' id='word_1_47' title='bbox 1142 554 1253 597; x_wconf 75' lang='lat' dir='ltr'>dmit</span> 
     </span>
     <span class='ocr_line' id='line_1_9' title="bbox 84 608 1253 665; baseline 0.002 -15"><span class='ocrx_word' id='word_1_48' title='bbox 84 608 392 650; x_wconf 78' lang='lat' dir='ltr'>recordatione</span> <span class='ocrx_word' id='word_1_49' title='bbox 445 609 727 664; x_wconf 79' lang='lat' dir='ltr'>acquiescere</span> <span class='ocrx_word' id='word_1_50' title='bbox 776 610 1127 665; x_wconf 82' lang='lat' dir='ltr'>praeteritarum</span> <span class='ocrx_word' id='word_1_51' title='bbox 1173 625 1253 652; x_wconf 84' lang='lat' dir='ltr'>vo·</span> 
     </span>
     <span class='ocr_line' id='line_1_10' title="bbox 83 662 1253 721; baseline 0.002 -15"><span class='ocrx_word' id='word_1_52' title='bbox 83 662 334 720; x_wconf 83' lang='lat' dir='ltr'>luptatum:</span> <span class='ocrx_word' id='word_1_53' title='bbox 371 672 422 706; x_wconf 89' lang='lat' dir='ltr'>ut</span> <span class='ocrx_word' id='word_1_54' title='bbox 436 696 448 718; x_wconf 87' lang='lat'>,</span> <span class='ocrx_word' id='word_1_55' title='bbox 475 665 515 705; x_wconf 88' lang='lat' dir='ltr'>si</span> <span class='ocrx_word' id='word_1_56' title='bbox 533 664 632 720; x_wconf 87' lang='lat' dir='ltr'>quis</span> <span class='ocrx_word' id='word_1_57' title='bbox 651 670 878 719; x_wconf 81' lang='lat' dir='ltr'>aestuans,</span> <span class='ocrx_word' id='word_1_58' title='bbox 907 679 1048 721; x_wconf 87' lang='lat' dir='ltr'>quum</span> <span class='ocrx_word' id='word_1_59' title='bbox 1069 666 1159 708; x_wconf 85' lang='lat' dir='ltr'>vim</span> <span class='ocrx_word' id='word_1_60' title='bbox 1179 681 1253 708; x_wconf 81' lang='lat' dir='ltr'>ca-</span> 
     </span>
     <span class='ocr_line' id='line_1_11' title="bbox 80 718 1252 777; baseline 0.002 -15"><span class='ocrx_word' id='word_1_61' title='bbox 80 718 190 762; x_wconf 87' lang='lat' dir='ltr'>loris</span> <span class='ocrx_word' id='word_1_62' title='bbox 218 736 311 763; x_wconf 87' lang='lat' dir='ltr'>non</span> <span class='ocrx_word' id='word_1_63' title='bbox 340 720 470 763; x_wconf 78' lang='lat' dir='ltr'>facile</span> <span class='ocrx_word' id='word_1_64' title='bbox 507 720 728 776; x_wconf 82' lang='lat' dir='ltr'>patiatur,</span> <span class='ocrx_word' id='word_1_65' title='bbox 763 721 994 763; x_wconf 85' lang='lat' dir='ltr'>recordari</span> <span class='ocrx_word' id='word_1_66' title='bbox 1027 721 1159 777; x_wconf 82' lang='lat' dir='ltr'>velit,</span> <span class='ocrx_word' id='word_1_67' title='bbox 1205 736 1252 765; x_wconf 75' lang='lat' dir='ltr'>se</span> 
     </span>
     <span class='ocr_line' id='line_1_12' title="bbox 82 775 1253 833; baseline 0.003 -16"><span class='ocrx_word' id='word_1_68' title='bbox 82 775 322 832; x_wconf 82' lang='lat' dir='ltr'>aliquando</span> <span class='ocrx_word' id='word_1_69' title='bbox 349 777 396 818; x_wconf 91' lang='lat' dir='ltr'>in</span> <span class='ocrx_word' id='word_1_70' title='bbox 426 776 647 831; x_wconf 83' lang='lat' dir='ltr'>Arpinati</span> <span class='ocrx_word' id='word_1_71' title='bbox 674 784 828 818; x_wconf 74' lang='lat' dir='ltr'>nostro</span> <span class='ocrx_word' id='word_1_72' title='bbox 856 776 1014 833; x_wconf 82' lang='lat' dir='ltr'>gelidis</span> <span class='ocrx_word' id='word_1_73' title='bbox 1049 776 1253 821; x_wconf 87' lang='lat' dir='ltr'>flumini-</span> 
     </span>
     <span class='ocr_line' id='line_1_13' title="bbox 80 831 1250 890; baseline 0.003 -17"><span class='ocrx_word' id='word_1_74' title='bbox 80 831 174 875; x_wconf 53' lang='lat' dir='ltr'>bus*</span> <span class='ocrx_word' id='word_1_75' title='bbox 204 833 528 875; x_wconf 83' lang='lat' dir='ltr'>circumfusum</span> <span class='ocrx_word' id='word_1_76' title='bbox 559 831 711 874; x_wconf 86' lang='lat' dir='ltr'>fuisse.</span> <span class='ocrx_word' id='word_1_77' title='bbox 788 831 898 874; x_wconf 89' lang='lat' dir='ltr'>Non</span> <span class='ocrx_word' id='word_1_78' title='bbox 932 834 1054 876; x_wconf 83' lang='lat' dir='ltr'>enim</span> <span class='ocrx_word' id='word_1_79' title='bbox 1092 833 1250 890; x_wconf 68' lang='lat' dir='ltr'>video,</span> 
     </span>
     <span class='ocr_line' id='line_1_14' title="bbox 82 888 1251 950; baseline 0.001 -20"><span class='ocrx_word' id='word_1_80' title='bbox 82 902 172 944; x_wconf 91' lang='lat' dir='ltr'>quo</span> <span class='ocrx_word' id='word_1_81' title='bbox 191 890 327 932; x_wconf 88' lang='lat' dir='ltr'>modo</span> <span class='ocrx_word' id='word_1_82' title='bbox 348 888 501 931; x_wconf 85' lang='lat' dir='ltr'>sedare</span> <span class='ocrx_word' id='word_1_83' title='bbox 521 888 694 946; x_wconf 77' lang='lat' dir='ltr'>possint</span> <span class='ocrx_word' id='word_1_84' title='bbox 712 889 831 930; x_wconf 82' lang='lat' dir='ltr'>mala</span> <span class='ocrx_word' id='word_1_85' title='bbox 849 890 1100 945; x_wconf 81' lang='lat' dir='ltr'>praesentia</span> <span class='ocrx_word' id='word_1_86' title='bbox 1119 903 1251 950; x_wconf 86' lang='lat' dir='ltr'>prae-</span> 
     </span>
     <span class='ocr_line' id='line_1_15' title="bbox 83 944 1250 1003; baseline 0.003 -18"><span class='ocrx_word' id='word_1_87' title='bbox 83 945 241 987; x_wconf 81' lang='lat' dir='ltr'>teritae</span> <span class='ocrx_word' id='word_1_88' title='bbox 269 946 533 1003; x_wconf 83' lang='lat' dir='ltr'>voluptates.</span> <span class='ocrx_word' id='word_1_89' title='bbox 599 944 687 987; x_wconf 83' lang='lat' dir='ltr'>Sed</span> <span class='ocrx_word' id='word_1_90' title='bbox 717 959 857 1002; x_wconf 88' lang='lat' dir='ltr'><strong>quum</strong></span> <span class='ocrx_word' id='word_1_91' title='bbox 884 945 922 987; x_wconf 91' lang='lat' dir='ltr'>is</span> <span class='ocrx_word' id='word_1_92' title='bbox 950 945 1097 999; x_wconf 85' lang='lat' dir='ltr'>dicat,</span> <span class='ocrx_word' id='word_1_93' title='bbox 1132 960 1250 988; x_wconf 87' lang='lat' dir='ltr'>sem·-</span> 
     </span>
     <span class='ocr_line' id='line_1_16' title="bbox 82 1000 1248 1058; baseline 0.002 -16"><span class='ocrx_word' id='word_1_94' title='bbox 82 1015 168 1057; x_wconf 83' lang='lat' dir='ltr'>per</span> <span class='ocrx_word' id='word_1_95' title='bbox 188 1000 369 1044; x_wconf 72' lang='lat' dir='ltr'>beatum</span> <span class='ocrx_word' id='word_1_96' title='bbox 391 1016 483 1043; x_wconf 88' lang='lat' dir='ltr'>esse</span> <span class='ocrx_word' id='word_1_97' title='bbox 502 1001 776 1057; x_wconf 81' lang='lat' dir='ltr'>sapientem,</span> <span class='ocrx_word' id='word_1_98' title='bbox 806 1001 878 1044; x_wconf 87' lang='lat' dir='ltr'>cui</span> <span class='ocrx_word' id='word_1_99' title='bbox 900 1001 1045 1044; x_wconf 85' lang='lat' dir='ltr'>dicere</span> <span class='ocrx_word' id='word_1_100' title='bbox 1073 1005 1180 1058; x_wconf 82' lang='lat' dir='ltr'>hoc,</span> <span class='ocrx_word' id='word_1_101' title='bbox 1210 1003 1248 1044; x_wconf 84' lang='lat' dir='ltr'>si</span> 
     </span>
     <span class='ocr_line' id='line_1_17' title="bbox 82 1057 1252 1114; baseline 0.003 -15"><span class='ocrx_word' id='word_1_102' title='bbox 82 1057 169 1099; x_wconf 87' lang='lat' dir='ltr'>sibi</span> <span class='ocrx_word' id='word_1_103' title='bbox 195 1066 400 1099; x_wconf 80' lang='lat' dir='ltr'>constare</span> <span class='ocrx_word' id='word_1_104' title='bbox 428 1057 589 1113; x_wconf 80' lang='lat' dir='ltr'>vellet,</span> <span class='ocrx_word' id='word_1_105' title='bbox 624 1071 716 1099; x_wconf 89' lang='lat' dir='ltr'>non</span> <span class='ocrx_word' id='word_1_106' title='bbox 741 1057 924 1099; x_wconf 82' lang='lat' dir='ltr'>liceret:</span> <span class='ocrx_word' id='word_1_107' title='bbox 952 1059 1164 1114; x_wconf 83' lang='lat' dir='ltr'>quidnam</span> <span class='ocrx_word' id='word_1_108' title='bbox 1183 1059 1252 1102; x_wconf 81' lang='lat' dir='ltr'>fa-</span> 
     </span>
     <span class='ocr_line' id='line_1_18' title="bbox 80 1113 1248 1170; baseline 0.003 -16"><span class='ocrx_word' id='word_1_109' title='bbox 80 1113 294 1155; x_wconf 83' lang='lat' dir='ltr'>ciendum</span> <span class='ocrx_word' id='word_1_110' title='bbox 313 1121 379 1156; x_wconf 85' lang='lat' dir='ltr'>est</span> <span class='ocrx_word' id='word_1_111' title='bbox 399 1113 491 1168; x_wconf 86' lang='lat' dir='ltr'>his,</span> <span class='ocrx_word' id='word_1_112' title='bbox 528 1114 605 1170; x_wconf 86' lang='lat' dir='ltr'>qui</span> <span class='ocrx_word' id='word_1_113' title='bbox 632 1113 746 1155; x_wconf 86' lang='lat' dir='ltr'>nihil</span> <span class='ocrx_word' id='word_1_114' title='bbox 765 1113 1094 1170; x_wconf 60' lang='lat' dir='ltr'>expetendum,</span> <span class='ocrx_word' id='word_1_115' title='bbox 1131 1114 1248 1158; x_wconf 85' lang='lat' dir='ltr'>nihil</span> 
     </span>
     <span class='ocr_line' id='line_1_19' title="bbox 80 1168 1246 1227; baseline 0.003 -17"><span class='ocrx_word' id='word_1_116' title='bbox 80 1168 131 1211; x_wconf 86' lang='lat' dir='ltr'>in</span> <span class='ocrx_word' id='word_1_117' title='bbox 166 1169 293 1211; x_wconf 89' lang='lat' dir='ltr'>bonis</span> <span class='ocrx_word' id='word_1_118' title='bbox 331 1170 612 1224; x_wconf 83' lang='lat' dir='ltr'>ducendum,</span> <span class='ocrx_word' id='word_1_119' title='bbox 659 1169 776 1227; x_wconf 88' lang='lat' dir='ltr'>quod</span> <span class='ocrx_word' id='word_1_120' title='bbox 812 1169 1045 1213; x_wconf 73' lang='lat' dir='ltr'>honestate</span> <span class='ocrx_word' id='word_1_121' title='bbox 1072 1179 1246 1227; x_wconf 78' lang='lat' dir='ltr'>careat,</span> 
     </span>
     <span class='ocr_line' id='line_1_20' title="bbox 79 1224 1248 1282; baseline 0.003 -16"><span class='ocrx_word' id='word_1_122' title='bbox 79 1224 376 1268; x_wconf 69' lang='lat' dir='ltr'>existimant?</span> <span class='ocrx_word' id='word_1_123' title='bbox 432 1227 512 1268; x_wconf 90' lang='lat' dir='ltr'>Me</span> <span class='ocrx_word' id='word_1_124' title='bbox 541 1226 722 1282; x_wconf 87' lang='lat' dir='ltr'>quidem</span> <span class='ocrx_word' id='word_1_125' title='bbox 752 1235 962 1282; x_wconf 85' lang='lat' dir='ltr'>auctore,</span> <span class='ocrx_word' id='word_1_126' title='bbox 997 1227 1135 1270; x_wconf 71' lang='lat' dir='ltr'>etiam</span> <span class='ocrx_word' id='word_1_127' title='bbox 1161 1228 1248 1271; x_wconf 90' lang='lat' dir='ltr'>Pe-</span> 
     </span>
     <span class='ocr_line' id='line_1_21' title="bbox 77 1281 1247 1339; baseline 0.003 -16"><span class='ocrx_word' id='word_1_128' title='bbox 77 1281 303 1339; x_wconf 82' lang='lat' dir='ltr'>ripatetici</span> <span class='ocrx_word' id='word_1_129' title='bbox 338 1290 598 1338; x_wconf 76' lang='lat' dir='ltr'>veteresque</span> <span class='ocrx_word' id='word_1_130' title='bbox 624 1281 885 1324; x_wconf 86' lang='lat' dir='ltr'>Academici</span> <span class='ocrx_word' id='word_1_131' title='bbox 918 1282 1140 1326; x_wconf 83' lang='lat' dir='ltr'>balbutire</span> <span class='ocrx_word' id='word_1_132' title='bbox 1170 1284 1247 1327; x_wconf 84' lang='lat' dir='ltr'>de-</span> 
     </span>
     <span class='ocr_line' id='line_1_22' title="bbox 79 1337 1246 1396; baseline 0.005 -19"><span class='ocrx_word' id='word_1_133' title='bbox 79 1337 229 1380; x_wconf 86' lang='lat' dir='ltr'>sinant</span> <span class='ocrx_word' id='word_1_134' title='bbox 255 1338 518 1394; x_wconf 77' lang='lat' dir='ltr'>aliquando,</span> <span class='ocrx_word' id='word_1_135' title='bbox 555 1345 796 1396; x_wconf 77' lang='lat' dir='ltr'>aperteque</span> <span class='ocrx_word' id='word_1_136' title='bbox 824 1346 870 1380; x_wconf 87' lang='lat' dir='ltr'>et</span> <span class='ocrx_word' id='word_1_137' title='bbox 896 1338 1014 1381; x_wconf 87' lang='lat' dir='ltr'>clara</span> <span class='ocrx_word' id='word_1_138' title='bbox 1040 1354 1150 1383; x_wconf 85' lang='lat' dir='ltr'>voce</span> <span class='ocrx_word' id='word_1_139' title='bbox 1166 1355 1246 1383; x_wconf 79' lang='lat' dir='ltr'>au-</span> 
     </span>
     <span class='ocr_line' id='line_1_23' title="bbox 81 1394 1247 1450; baseline 0.003 -15"><span class='ocrx_word' id='word_1_140' title='bbox 81 1394 218 1436; x_wconf 83' lang='lat' dir='ltr'>deant</span> <span class='ocrx_word' id='word_1_141' title='bbox 244 1394 415 1450; x_wconf 87' lang='lat' dir='ltr'>dicere,</span> <span class='ocrx_word' id='word_1_142' title='bbox 452 1394 627 1437; x_wconf 72' lang='lat' dir='ltr'>beatam</span> <span class='ocrx_word' id='word_1_143' title='bbox 648 1395 787 1439; x_wconf 84' lang='lat' dir='ltr'>vitam</span> <span class='ocrx_word' id='word_1_144' title='bbox 806 1394 854 1437; x_wconf 88' lang='lat' dir='ltr'>in</span> <span class='ocrx_word' id='word_1_145' title='bbox 872 1394 1127 1439; x_wconf 79' lang='lat' dir='ltr'>Phalaridis</span> <span class='ocrx_word' id='word_1_146' title='bbox 1147 1404 1247 1440; x_wconf 81' lang='lat' dir='ltr'><strong>tau-</strong></span> 
     </span>
     <span class='ocr_line' id='line_1_24' title="bbox 77 1451 529 1493; baseline 0 -2"><span class='ocrx_word' id='word_1_147' title='bbox 77 1464 182 1493; x_wconf 87' lang='lat' dir='ltr'>rum</span> <span class='ocrx_word' id='word_1_148' title='bbox 201 1451 529 1493; x_wconf 82' lang='lat' dir='ltr'>descensuram.</span> 
     </span>
    </p>
   </div>
   <div class='ocr_carea' id='block_1_3' title="bbox 74 1573 1248 1971">
    <p class='ocr_par' dir='ltr' id='par_1_3' title="bbox 74 1573 1248 1971">
     <span class='ocr_line' id='line_1_25' title="bbox 143 1573 1248 1633; baseline 0.004 -16"><span class='ocrx_word' id='word_1_149' title='bbox 143 1619 145 1621; x_wconf 71' lang='grc'><em>,</em></span> <span class='ocrx_word' id='word_1_150' title='bbox 214 1573 427 1618; x_wconf 88' lang='lat' dir='ltr'>XXVII.</span> <span class='ocrx_word' id='word_1_151' title='bbox 484 1574 585 1617; x_wconf 78' lang='lat' dir='ltr'>Sint</span> <span class='ocrx_word' id='word_1_152' title='bbox 623 1575 744 1618; x_wconf 90' lang='lat' dir='ltr'>enim</span> <span class='ocrx_word' id='word_1_153' title='bbox 783 1575 870 1618; x_wconf 76' lang='lat' dir='ltr'>tria</span> <span class='ocrx_word' id='word_1_154' title='bbox 906 1591 1071 1633; x_wconf 86' lang='lat' dir='ltr'>genera</span> <span class='ocrx_word' id='word_1_155' title='bbox 1104 1578 1248 1621; x_wconf 84' lang='lat' dir='ltr'>bono-</span> 
     </span>
     <span class='ocr_line' id='line_1_26' title="bbox 74 1627 1246 1690; baseline 0.002 -15"><span class='ocrx_word' id='word_1_156' title='bbox 74 1645 196 1688; x_wconf 78' lang='lat' dir='ltr'>rum,</span> <span class='ocrx_word' id='word_1_157' title='bbox 221 1627 398 1688; x_wconf 80' lang='lat' dir='ltr'>(utiam</span> <span class='ocrx_word' id='word_1_158' title='bbox 418 1647 443 1674; x_wconf 85' lang='lat' dir='ltr'>a</span> <span class='ocrx_word' id='word_1_159' title='bbox 459 1631 627 1690; x_wconf 83' lang='lat' dir='ltr'>laqueis</span> <span class='ocrx_word' id='word_1_160' title='bbox 639 1631 898 1674; x_wconf 81' lang='lat' dir='ltr'>Stoicorum</span> <span class='ocrx_word' id='word_1_161' title='bbox 933 1633 1092 1690; x_wconf 91' lang='lat' dir='ltr'>quibus</span> <span class='ocrx_word' id='word_1_162' title='bbox 1113 1649 1246 1678; x_wconf 87' lang='lat' dir='ltr'>usum</span> 
     </span>
     <span class='ocr_line' id='line_1_27' title="bbox 77 1664 1246 1745; baseline 0 -13"><span class='ocrx_word' id='word_1_163' title='bbox 77 1703 150 1732; x_wconf 90' lang='lat' dir='ltr'>me</span> <span class='ocrx_word' id='word_1_164' title='bbox 176 1687 411 1744; x_wconf 80' lang='lat' dir='ltr'>pluribus,</span> <span class='ocrx_word' id='word_1_165' title='bbox 449 1703 585 1744; x_wconf 82' lang='lat' dir='ltr'><strong>quam</strong></span> <span class='ocrx_word' id='word_1_166' title='bbox 612 1687 761 1744; x_wconf 89' lang='lat' dir='ltr'>sole0‚</span> <span class='ocrx_word' id='word_1_167' title='bbox 796 1664 1031 1745; x_wconf 72' lang='lat' dir='ltr'>intelligO,</span> <span class='ocrx_word' id='word_1_168' title='bbox 1067 1691 1246 1733; x_wconf 87' lang='lat' dir='ltr'>receda-</span> 
     </span>
     <span class='ocr_line' id='line_1_28' title="bbox 76 1743 1246 1804; baseline 0.002 -18"><span class='ocrx_word' id='word_1_169' title='bbox 76 1744 211 1804; x_wconf 88' lang='lat' dir='ltr'>mus‚)</span> <span class='ocrx_word' id='word_1_170' title='bbox 239 1744 327 1786; x_wconf 86' lang='lat' dir='ltr'>sint</span> <span class='ocrx_word' id='word_1_171' title='bbox 345 1759 448 1786; x_wconf 86' lang='lat' dir='ltr'>sane</span> <span class='ocrx_word' id='word_1_172' title='bbox 466 1743 545 1786; x_wconf 83' lang='lat' dir='ltr'>illa</span> <span class='ocrx_word' id='word_1_173' title='bbox 563 1758 728 1800; x_wconf 83' lang='lat' dir='ltr'>genera</span> <span class='ocrx_word' id='word_1_174' title='bbox 749 1745 988 1799; x_wconf 84' lang='lat' dir='ltr'>bonorum,</span> <span class='ocrx_word' id='word_1_175' title='bbox 1017 1746 1126 1788; x_wconf 90' lang='lat' dir='ltr'>dum</span> <span class='ocrx_word' id='word_1_176' title='bbox 1145 1761 1246 1789; x_wconf 88' lang='lat' dir='ltr'>cor-</span> 
     </span>
     <span class='ocr_line' id='line_1_29' title="bbox 75 1799 1246 1859; baseline 0 -15"><span class='ocrx_word' id='word_1_177' title='bbox 75 1802 200 1859; x_wconf 84' lang='lat' dir='ltr'>poris</span> <span class='ocrx_word' id='word_1_178' title='bbox 229 1807 274 1843; x_wconf 86' lang='lat' dir='ltr'>et</span> <span class='ocrx_word' id='word_1_179' title='bbox 301 1806 488 1842; x_wconf 79' lang='lat' dir='ltr'>externa</span> <span class='ocrx_word' id='word_1_180' title='bbox 520 1801 696 1842; x_wconf 81' lang='lat' dir='ltr'>iaceant</span> <span class='ocrx_word' id='word_1_181' title='bbox 722 1799 874 1857; x_wconf 86' lang='lat' dir='ltr'>humi,</span> <span class='ocrx_word' id='word_1_182' title='bbox 903 1807 949 1842; x_wconf 81' lang='lat' dir='ltr'>et</span> <span class='ocrx_word' id='word_1_183' title='bbox 968 1808 1246 1844; x_wconf 67' lang='lat' dir='ltr'>tantummo-</span> 
     </span>
     <span class='ocr_line' id='line_1_30' title="bbox 79 1856 1244 1916; baseline 0.003 -17"><span class='ocrx_word' id='word_1_184' title='bbox 79 1858 160 1913; x_wconf 89' lang='lat' dir='ltr'>do,</span> <span class='ocrx_word' id='word_1_185' title='bbox 190 1857 292 1916; x_wconf 86' lang='lat' dir='ltr'>quia</span> <span class='ocrx_word' id='word_1_186' title='bbox 310 1856 527 1899; x_wconf 82' lang='lat' dir='ltr'>sumenda</span> <span class='ocrx_word' id='word_1_187' title='bbox 546 1857 662 1911; x_wconf 88' lang='lat' dir='ltr'>sint,</span> <span class='ocrx_word' id='word_1_188' title='bbox 687 1857 971 1914; x_wconf 78' lang='lat' dir='ltr'>appellentur</span> <span class='ocrx_word' id='word_1_189' title='bbox 989 1857 1127 1900; x_wconf 83' lang='lat' dir='ltr'>bona:</span> <span class='ocrx_word' id='word_1_190' title='bbox 1157 1859 1244 1902; x_wconf 82' lang='lat' dir='ltr'>alia</span> 
     </span>
     <span class='ocr_line' id='line_1_31' title="bbox 79 1913 1244 1971; baseline 0 -16"><span class='ocrx_word' id='word_1_191' title='bbox 79 1922 230 1956; x_wconf 79' lang='lat' dir='ltr'>autem</span> <span class='ocrx_word' id='word_1_192' title='bbox 258 1913 334 1955; x_wconf 86' lang='lat' dir='ltr'>illa</span> <span class='ocrx_word' id='word_1_193' title='bbox 363 1913 534 1967; x_wconf 80' lang='lat' dir='ltr'>divina,</span> <span class='ocrx_word' id='word_1_194' title='bbox 574 1913 709 1969; x_wconf 82' lang='lat' dir='ltr'>longe</span> <span class='ocrx_word' id='word_1_195' title='bbox 744 1915 920 1970; x_wconf 82' lang='lat' dir='ltr'>lateque</span> <span class='ocrx_word' id='word_1_196' title='bbox 946 1928 992 1955; x_wconf 85' lang='lat' dir='ltr'>se</span> <span class='ocrx_word' id='word_1_197' title='bbox 1019 1915 1244 1971; x_wconf 81' lang='lat' dir='ltr'>pandant,</span> 
     </span>
    </p>
   </div>
   <div class='ocr_carea' id='block_1_4' title="bbox 80 1969 1244 2028">
    <p class='ocr_par' dir='ltr' id='par_1_4' title="bbox 80 1969 1244 2028">
     <span class='ocr_line' id='line_1_32' title="bbox 80 1969 1244 2028; baseline 0.003 -17"><span class='ocrx_word' id='word_1_198' title='bbox 80 1971 341 2027; x_wconf 83' lang='lat' dir='ltr'>caelumque</span> <span class='ocrx_word' id='word_1_199' title='bbox 377 1970 669 2027; x_wconf 81' lang='lat' dir='ltr'>contingant3</span> <span class='ocrx_word' id='word_1_200' title='bbox 712 1983 763 2012; x_wconf 85' lang='lat' dir='ltr'>ea</span> <span class='ocrx_word' id='word_1_201' title='bbox 793 1970 870 2027; x_wconf 89' lang='lat' dir='ltr'>qui</span> <span class='ocrx_word' id='word_1_202' title='bbox 907 1969 1094 2026; x_wconf 85' lang='lat' dir='ltr'>adeptus</span> <span class='ocrx_word' id='word_1_203' title='bbox 1121 1971 1205 2028; x_wconf 86' lang='lat' dir='ltr'>sit,</span> <span class='ocrx_word' id='word_1_204' title='bbox 1227 1978 1244 2005; x_wconf 82' lang='lat'>¹</span> 
     </span>
    </p>
   </div>
   <div class='ocr_carea' id='block_1_5' title="bbox 83 2151 1247 2242">
    <p class='ocr_par' dir='ltr' id='par_1_5' title="bbox 83 2130 1247 2242">
     <span class='ocr_line' id='line_1_33' title="bbox 128 2151 1247 2201; baseline 0.004 -12"><span class='ocrx_word' id='word_1_205' title='bbox 128 2154 170 2201; x_wconf 83' lang='grc' dir='ltr'>ι)</span> <span class='ocrx_word' id='word_1_206' title='bbox 198 2153 322 2200; x_wconf 82' lang='lat' dir='ltr'>Vulgo</span> <span class='ocrx_word' id='word_1_207' title='bbox 351 2163 392 2188; x_wconf 87' lang='lat' dir='ltr'>ut</span> <span class='ocrx_word' id='word_1_208' title='bbox 421 2164 464 2188; x_wconf 77' lang='lat' dir='ltr'>ea</span> <span class='ocrx_word' id='word_1_209' title='bbox 493 2151 554 2200; x_wconf 82' lang='lat' dir='ltr'>qui</span> <span class='ocrx_word' id='word_1_210' title='bbox 575 2152 730 2201; x_wconf 73' lang='lat' dir='ltr'>adeptus</span> <span class='ocrx_word' id='word_1_211' title='bbox 750 2153 811 2189; x_wconf 76' lang='lat' dir='ltr'>ait.</span> <span class='ocrx_word' id='word_1_212' title='bbox 859 2154 1097 2191; x_wconf 64' lang='lat' dir='ltr'>particulam</span> <span class='ocrx_word' id='word_1_213' title='bbox 1114 2163 1156 2192; x_wconf 83' lang='lat' dir='ltr'>ut</span> <span class='ocrx_word' id='word_1_214' title='bbox 1174 2158 1247 2193; x_wconf 64' lang='lat' dir='ltr'>cies.</span> 
     </span>
     <span class='ocr_line' id='line_1_34' title="bbox 83 2199 1038 2242; baseline -0.003 -4"><span class='ocrx_word' id='word_1_215' title='bbox 83 2209 218 2238; x_wconf 80' lang='lat' dir='ltr'>cerum</span> <span class='ocrx_word' id='word_1_216' title='bbox 237 2199 417 2238; x_wconf 76' lang='lat' dir='ltr'><em>Lambtn.</em></span> <span class='ocrx_word' id='word_1_217' title='bbox 436 2201 580 2237; x_wconf 61' lang='grc' dir='ltr'><strong><em>Πανία.</em></strong></span> <span class='ocrx_word' id='word_1_218' title='bbox 600 2206 710 2238; x_wconf 78' lang='lat' dir='ltr'>uncie</span> <span class='ocrx_word' id='word_1_219' title='bbox 728 2201 887 2238; x_wconf 73' lang='lat' dir='ltr'>inclusit</span> <span class='ocrx_word' id='word_1_220' title='bbox 911 2200 1038 2242; x_wconf 73' lang='lat' dir='ltr'>Wolf,</span> 
     </span>
    </p>
   </div>
  </div>
 </body>
</html>
