1503 2584
505 136 902 175 momeomnm.
1238 148 1284 184 23

118 244 254 278 autem
279 236 487 276 laudabile
516 226 702 288 profecto
727 236 848 274 etiam
869 236 1103 276 honestum.
1159 237 1283 285 Quod

115 297 270 336 bonum
300 294 427 346 igitur
453 292 495 330 id
518 293 751 331 honestum.
807 294 861 331 At
878 307 982 344 quae
1001 294 1071 332 isti
1090 293 1279 346 philoso-

114 350 189 403 phi
214 356 377 401 praeter
402 350 600 388 virtutem
628 348 674 386 in
699 349 818 388 bonis
843 357 1086 399 numerant,
1121 364 1174 389 ne
1196 351 1278 402 ipsi

115 405 279 456 quidem
298 405 470 444 honesta
487 405 644 443 dicunt.
683 405 826 443 Solum
844 406 972 457 igitur
990 407 1146 445 bonum
1164 407 1278 458 quod

112 461 344 499 honestum.
402 462 465 500 Ex
494 475 575 512 quo
604 461 781 499 efficitur
809 461 1023 501 honestate
1045 478 1128 502 una
1144 465 1277 502 vitam

112 518 320 556 contineri
349 519 522 556 beatam.
580 517 687 555 Nam
715 531 761 556 ea
779 518 889 556 bona
907 533 993 557 non
1010 525 1110 558 sunt
1131 520 1275 558 dicen-

113 573 186 622 da,
233 574 380 625 quibus
413 573 692 612 abundantem
728 574 826 612 licet
860 588 946 612 esse
983 577 1276 614 miserrimum.

109 629 322 669 Postremo
360 644 487 681 quum
521 631 567 667 in
602 631 758 668 virtute
795 631 892 669 satis
921 632 994 680 sit,
1033 639 1081 669 ut
1108 633 1277 670 sortiter

111 686 324 735 vivamus,
368 688 556 738 sequitur
594 693 642 724 ut
666 700 813 738 magno
843 687 1002 736 animo,
1035 694 1076 726 et
1107 688 1275 739 quidem

109 748 161 780 ut
184 743 301 780 nulla
320 757 366 783 re
386 756 583 794 umquam
603 749 854 791 terreamur,
883 756 1124 795 semperque
1145 745 1273 782 simus

109 798 271 837 invicti.
340 799 557 850 Sequitur,
597 805 646 837 ut
676 798 1044 851 nihillpoeniteat,
1070 801 1179 839 nihil
1198 801 1276 838 de-

110 855 185 901 sit,
225 855 332 894 nihil
359 857 506 894 obstet.
572 855 679 906 Ergo
707 856 847 893 omnia
872 857 1150 907 profluenter,
1198 858 1276 895 ab-

107 912 264 960 solute,
303 925 511 964 prospere.
589 911 697 950 Satis
725 925 821 964 ergo
848 912 972 951 etiam
999 913 1053 952 ad
1081 914 1208 952 beate.
1239 927 1274 950 0.

116 970 166 1006 14
185 987 241 994 -
263 970 325 1007 18.
860 991 863 993 ·

248 1078 333 1119 Iam
362 1088 411 1120 ut
439 1081 546 1120 illud
566 1081 693 1133 magis
712 1081 935 1128 elucescat,
965 1082 1154 1133 exempla
1171 1080 1272 1119 affe-

111 1143 264 1175 runtur
298 1137 515 1176 hominum
541 1138 827 1189 improborum
867 1151 960 1175 cum
979 1139 1108 1191 ,bonis
1138 1145 1179 1176 et
1206 1152 1273 1175 sa·-

110 1194 319 1244 pientibus
349 1201 704 1245 comparatorum5
741 1193 786 1231 L.
816 1192 972 1232 Cinnae
995 1208 1087 1231 cum
1107 1193 1150 1231 C.
1169 1194 1274 1232 Lae-

112 1249 190 1296 lio,
231 1249 273 1286 C.
304 1248 425 1287 Marii
452 1263 545 1287 cum
570 1250 739 1294 Catulo,
779 1249 971 1300 Dionysii
992 1250 1274 1300 Syracusano-

107 1318 202 1343 rum
230 1306 522 1356 tyranni.cum
548 1304 795 1342 Archimede
817 1305 1055 1356 comparati.
1090 1319 1124 1342 c.
1148 1319 1196 1358 ¹9
1217 1323 1273 1334 ·—-

109 1361 175 1399 23.
235 1361 340 1398 Tum
369 1361 620 1412 exprimitur
638 1361 721 1398 viri
750 1360 963 1399 cuiusdam
983 1360 1148 1413 optimis
1168 1363 1271 1400 arti-

107 1415 182 1455 bus
213 1418 458 1468 praestantis
496 1418 654 1473 imago,
688 1417 840 1468 partim
869 1417 1060 1456 omnibus
1085 1417 1272 1469 philoso-

107 1473 230 1524 phiae
250 1474 477 1525 disciplinis
499 1473 668 1519 exculti,
689 1473 840 1524 partim
860 1474 905 1511 in
922 1487 968 1512 re
988 1474 1154 1525 publica
1172 1488 1270 1513 ver-

107 1530 258 1577 santis,
299 1530 573 1580 amicitiisque
606 1529 823 1567 doctorum
854 1536 896 1567 et
920 1531 1168 1582 sapientium
1191 1531 1271 1569 lio-

106 1587 268 1624 minum
305 1587 510 1628 florentis,
558 1585 871 1637 ostenditurque
908 1587 980 1636 qui
1012 1586 1077 1624 his
1114 1587 1273 1638 gaudiis

105 1643 292 1691 fruatur,
338 1656 432 1680 eum
467 1643 632 1680 beatum
674 1655 780 1690 esse,
828 1642 951 1693 idque
985 1656 1149 1680 necesse
1186 1657 1271 1682 esse

107 1712 248 1736 omnes
277 1698 486 1746 confiteri,
529 1713 562 1736 0.
585 1700 651 1736 24.
669 1698 735 1736 25.
801 1697 854 1736 Et
874 1698 983 1736 hanc
1012 1700 1173 1738 beatam
1203 1714 1271 1738 sa·-

107 1755 259 1806 pientis
287 1769 338 1792 ex
359 1755 515 1793 virtute
532 1755 662 1793 vitam
683 1768 736 1792 ne
753 1755 948 1792 imminui
968 1754 1134 1806 quidem
1153 1770 1270 1808 posse

105 1811 248 1849 dolore
269 1811 468 1862 corporis,
497 1812 573 1849 etsi
593 1811 662 1848 hic
679 1810 873 1850 videatur
890 1811 1115 1851 acerrimus
1132 1813 1270 1852 virtu-

108 1868 141 1905 ti
158 1867 441 1916 adversarius,
472 1882 505 1906 c.
527 1867 581 1907 26
599 1886 655 1893 —
674 1869 740 1908 28.

235 1980 435 2031 Sequitur
453 1980 678 2032 disputatio
697 1980 747 2018 de
767 1993 909 2019 eorum
927 1979 1271 2032 philosophorum

108 2037 300 2088 inprimis
332 2037 702 2088 Peripateticorum
736 2043 778 2075 et
805 2037 1141 2076 Academicorum
1175 2052 1269 2075 sen-

110 2093 270 2142 tentiis,
305 2093 377 2144 qui
395 2100 595 2145 negarent
612 2094 814 2132 virtutem
834 2093 885 2131 ad
906 2095 1024 2131 beate
1045 2095 1273 2132 vivendum

108 2163 152 2188 ze
179 2150 268 2201 ipsa
295 2163 380 2190 esse
408 2156 657 2189 contentam.
719 2149 863 2203 ltaque
882 2156 1070 2189 recenset
1091 2150 1272 2192 diversas
