1503 2584
520 116 804 156 PARAnoxA.
925 120 927 122 ’
1179 121 1250 163 339

85 214 400 278 'cupiditatibus
436 212 733 269 dediderunt,
780 209 924 268 ipsius
960 209 1189 253 servitutis
1220 213 1242 240 ¹

83 277 235 319 locum
254 285 393 330 paene
414 270 623 314 infimum
643 269 861 311 obtinent.
917 296 946 322 ‚,
958 266 1148 323 Magna,
1175 265 1247 309 in-

84 332 207 388 quis,
243 327 358 372 bella
382 326 517 383 gessi:
552 325 727 381 magnis
751 322 974 381 imperiis,
1003 331 1048 366 et
1063 323 1247 380 provin-

84 386 164 429 ciis
192 381 417 443 praefui.“
483 383 602 425 Gere
629 381 766 437 igitur
792 379 994 423 animum
1022 378 1157 421 laude
1178 378 1248 421 di-

84 457 241 500 gnum.
305 438 520 481 Echionis
549 437 700 480 tabula
725 445 771 479 te
793 435 1027 492 stupidum
1049 436 1246 490 detinet,

85 506 165 541 aut
197 499 374 554 signum
402 495 582 553 aliquod
609 493 848 550 Polycleti.
922 493 1086 548 Mitto,
1123 490 1246 534 unde

83 552 312 596 sustuleris
326 584 339 607 ,
367 559 412 593 et
428 551 655 609 quomodo
677 549 854 591 habeas.
908 549 1168 592 Intuentem
1186 555 1248 600 te,

83 610 377 653 admirantem
389 640 403 665 ,
438 608 658 649 clamores
677 604 911 646 tollentem
932 619 1072 669 quum
1090 604 1248 659 video,

80 679 258 708 servum
295 672 338 706 te
379 677 472 707 esse
508 661 784 715 ineptiarum
832 674 1038 702 omnlum
1081 661 1247 702 iudico.

81 722 286 778 „Nonne
304 721 448 778 igitur
467 726 573 761 sunt
587 718 670 760 ista
688 715 916 762 festiva?“
974 717 1087 759 Sint.
1122 716 1247 759 Nam

80 791 163 820 nos
183 791 362 834 quoque
381 775 535 817 oculos
556 773 755 815 eruditos
774 772 1004 815 habemus.
1060 772 1149 815 Sed
1167 773 1249 815 ob·

79 848 208 876 secro
235 841 304 887 te,
344 834 407 875 ita
435 838 622 874 venusta
649 829 900 871 habeantur
924 829 1031 885 ista,
1076 844 1170 871 non
1195 835 1248 870 ut

81 889 262 932 vincula
271 898 290 921 ²
304 889 506 931 virorum
517 887 621 941 sint,
631 886 708 927 sed
727 893 776 927 ut
788 885 1116 927 oblectamenta
1136 898 1249 942 pue·-

79 959 252 987 rorum.
310 944 433 1000 Quid
463 943 583 985 enim
613 938 799 984 censes?
844 941 883 983 si
914 941 963 983 L.
992 941 1246 984 Mummius

81 1001 281 1057 aliquem
305 1001 498 1042 istorum
523 998 721 1054 videret,
758 998 1065 1040 matellionem
1085 998 1251 1040 Corin-

79 1056 229 1099 thium
260 1055 546 1111 cupidissime
570 1062 863 1108 tractantem,
901 1069 1041 1110 quum
1063 1055 1159 1110 ipse
1181 1062 1252 1095 to-

78 1120 174 1155 tam
211 1112 488 1155 Corinthum
518 1111 879 1169 contempsisset:
924 1118 1081 1152 utrum
1114 1110 1248 1152 illum

78 1169 225 1211 civem
260 1168 586 1224 excellentem,
632 1182 691 1209 an
719 1167 956 1210 atriensem
983 1166 1250 1223 diligentem

80 1221 296 1281 putaret?
365 1225 617 1267 Reviviscat
646 1223 713 1266 M'
741 1223 928 1277 Curius,
976 1231 1054 1266 aut
1089 1235 1248 1265 eorum

81 1282 266 1338 aliquis,
306 1295 503 1338 quorum
532 1280 579 1322 in
605 1280 713 1323 villa
732 1295 784 1322 ac
803 1279 940 1322 domo
961 1279 1080 1322 nihjl
1098 1278 1251 1334 splen-

80 1337 262 1393 didum,
299 1337 416 1379 nihil
446 1343 660 1380 ornatum
678 1335 789 1390 fuit,
828 1343 1006 1393 praeter
1021 1336 1169 1392 ipsos,
1205 1340 1251 1375 et

80 1394 228 1436 videat
241 1393 452 1451 aliquem,
470 1393 658 1435 summis
676 1391 835 1449 populi
856 1392 1083 1435 beneficiis
1101 1405 1251 1446 usum,

82 1450 342 1492 barbatulos
379 1450 545 1492 mullos
576 1456 890 1505 exceptantem
921 1456 936 1491 ³
969 1447 1024 1492 de
1052 1448 1250 1507 piscina,

81 1515 129 1549 et
155 1511 535 1564 pertractantem,
579 1514 625 1548 et
649 1519 969 1548 muraenarum
995 1504 1125 1563 copia
1154 1504 1254 1561 glo-

80 1563 299 1605 riantem:
322 1570 344 1598 4
384 1576 539 1605 nonne
567 1562 688 1604 hunc
717 1560 950 1604 hominem
978 1561 1043 1604 ita
1067 1569 1253 1605 servum

81 1619 277 1675 iudicet,
313 1626 364 1661 ut
391 1633 448 1660 ne
472 1619 521 1660 in
547 1618 719 1661 familia
747 1617 929 1675 quidem
948 1617 1140 1675 dignum
1155 1631 1252 1659 ma·-

78 1675 177 1716 iore
196 1675 348 1731 aliquo
368 1674 551 1731 negotio
569 1669 734 1730 putet?
788 1675 866 1716 An
883 1689 1044 1717 eorum
1062 1674 1253 1717 servitus

74 1731 217 1772 dubia
239 1740 329 1785 est,
356 1731 433 1787 qui
453 1731 699 1786 eupiditate
717 1730 885 1788 peculii
903 1730 1078 1774 nullam
1096 1731 1254 1772 condi-

78 1787 252 1829 tionem
274 1794 482 1828 recusant
500 1788 764 1829 durissimae
784 1782 1049 1830 servitutis?
1106 1786 1255 1829 Here-

81 1843 233 1886 ditatis
260 1857 360 1902 spes
388 1843 496 1901 quid
524 1843 776 1902 iniquilatis
809 1845 860 1887 iu
887 1843 1123 1887 serviendo
1158 1858 1254 1887 non

134 2020 168 2052 ι)
195 2015 258 2050 δίο
279 2016 422 2052 Graev.
445 2016 539 2050 Em.
563 2029 583 2049 e
606 2018 701 2052 Mu.
755 2017 880 2064 Vulgo
904 2019 999 2054 olim
1021 2019 1191 2056 civitatit-

131 2063 172 2105 2)
200 2062 362 2098 Salmas.
384 2061 438 2096 ad
457 2063 576 2097 Solin-
600 2066 699 2098 coni.
728 2063 864 2098 iocula.

129 2110 172 2156 3)
199 2108 284 2141 cod.
305 2109 390 2143 Pal.
416 2120 449 2142 2.
472 2108 707 2145 excitantem.

127 2158 170 2202 4)
199 2155 266 2188 His
292 2155 417 2190 ver-his
435 2152 576 2202 figitur
602 2157 848 2204 potissimum
877 2158 1061 2196 Lucullus
1088 2157 1141 2207 qs.
1176 2160 1256 2202 cio,

85 2200 140 2236 ad
159 2206 246 2237 Διι.
265 2200 302 2236 Ι.
327 2201 382 2236 ιδ.
409 2214 464 2248 ¹7·
