1503 2584
292 157 658 194 memmimus.
708 159 813 194 CAP.
844 168 896 200 13.
927 171 982 207 19.
1178 163 1224 207 59

63 257 193 300 Illam
231 265 336 298 vero
372 250 577 293 funditus
616 254 845 300 efficiamus
883 253 1225 296 individuorum

62 325 304 368 corporum
334 307 525 350 laevium
553 317 596 350 et
625 311 930 354 rotundorum
969 310 1228 352 concursio-

61 383 170 411 nem·
186 366 443 408 fortuitam:
482 380 616 421 quam
641 374 791 409 tamen
810 365 1097 408 Democritus
1119 379 1228 407 con-

63 423 322 466 calefactam
343 428 385 462 et
404 420 690 478 spirabilem,
721 419 789 482 [id
807 430 898 474 est,
926 418 1188 482 animalem]
1213 430 1226 454 1

64 493 154 522 esse
183 479 340 521 voluit.
406 476 450 518 Is
478 485 627 520 autem
650 482 850 530 animus,
877 480 976 536 qui,
1008 480 1043 522 si
1065 486 1130 520 est
1148 477 1229 520 ho·-

61 550 164 577 rum
195 542 391 590 quatuor
413 547 626 588 generum
641 567 653 588 ,
690 550 748 576 ex
771 535 931 590 quibus
953 535 1104 578 omnia
1123 549 1229 576 con-

64 599 179 633 stare
201 591 438 645 dicuntur,
476 605 531 631 ex
560 591 837 632 inflammata
863 592 1010 633 anima
1031 598 1230 646 constet,

65 657 116 689 ut
142 648 428 704 potissimum
453 647 594 688 videri
614 649 741 689 video
761 647 1002 703 Panaetio,
1030 647 1232 703 superio-

64 719 117 746 ra
151 709 348 760 capessat
383 717 562 746 necesse
598 713 676 745 est.
750 703 881 744 Nihil
912 705 1033 744 enim
1062 703 1233 745 habent

66 761 177 802 haec
206 761 295 802 duo
325 774 490 816 genera
520 761 678 816 proni,
716 768 760 801 ct
778 774 937 816 supera
957 774 1136 817 semper
1154 774 1235 816 pe-

68 824 185 859 tunt.
244 816 335 870 lta,
365 815 455 856 sive
476 817 774 874 dissipantur,
806 817 967 872 procul
988 833 1012 858 a
1033 816 1164 857 terris
1186 815 1234 857 id

69 873 238 916 evenit:
285 872 373 914 sive
411 881 706 929 permanent,
746 879 789 913 et
817 879 1081 915 conservant
1108 871 1236 915 habi·

68 938 167 972 tum
187 944 314 970 suum
328 960 341 983 ,
373 929 461 970 hoc
480 930 616 971 etiam
641 930 782 986 magis
801 944 978 971 necesse
1001 936 1064 971 est
1085 929 1236 971 feran-

70 994 144 1028 tur
171 986 225 1027 ad
256 985 428 1027 caelum
443 1016 454 1038 7
493 993 537 1026 et
558 987 612 1026 ab
636 986 702 1027 his
721 993 1044 1043 perrumpatur
1063 992 1108 1028 et
1127 986 1238 1027 divi-

74 1043 204 1084 datur
223 1056 395 1083 crassus
417 1041 490 1083 hic
511 1050 555 1082 et
571 1051 808 1085 concretus
828 1045 927 1098 a'e'r,
964 1043 1040 1099 qui
1061 1050 1127 1084 est
1143 1050 1239 1083 ter-

73 1113 148 1141 rae
176 1098 427 1155 proximus.
493 1099 690 1141 Calidior
718 1107 783 1140 est
809 1099 955 1154 enini,
992 1099 1063 1141 vel
1088 1099 1238 1155 potius

76 1155 305 1196 ardentior
325 1156 515 1210 animus,
543 1170 675 1212 quam
696 1162 758 1197 est
780 1155 853 1196 hic
872 1157 963 1211 a'e'r,
990 1170 1123 1212 quem
1142 1168 1241 1196 mo-

77 1212 134 1253 do
166 1211 264 1252 dixi
292 1225 489 1252 crassum
517 1221 650 1267 atque
679 1219 957 1253 concretum.
984 1254 993 1264 ,
1018 1211 1154 1262 Quod
1181 1225 1240 1251 ex

76 1283 129 1310 eo
166 1268 272 1308 sciri
305 1272 474 1322 potest,
513 1270 617 1324 quia
655 1282 844 1321 corpora
881 1274 1035 1308 nostra
1062 1275 1238 1309 terreno

76 1323 404 1380 principiorum
440 1337 604 1378 genere
640 1323 889 1379 confectas
909 1323 1072 1366 ardore
1101 1322 1242 1366 animi

75 1378 407 1422 concalescunt.

217 1504 351 1548 XIX.
420 1505 634 1561 Accedit,
680 1514 733 1549 ut
769 1521 822 1549 eo
857 1505 1033 1550 facilius
1067 1507 1242 1549 animus

81 1561 240 1604 evadat
270 1577 327 1604 ex
355 1561 441 1603 hoc
461 1565 586 1615 aere,
625 1579 758 1620 quem
778 1579 909 1621 saepe
929 1565 1015 1606 ia'm
1037 1563 1245 1620 appello,

28 1671 31 1673 .
82 1632 274 1675 eumque
292 1628 573 1675 perrumpat,
598 1621 717 1676 quod
736 1619 853 1662 nihil
869 1628 936 1662 est
955 1620 1104 1661 animo
1123 1619 1246 1661 velo-

82 1675 199 1730 cius3
238 1675 363 1717 nulla
392 1683 457 1718 est
476 1677 703 1731 celeritas,
737 1691 849 1734 quae
867 1677 1010 1735 possit
1029 1691 1136 1717 cum
1154 1675 1248 1717 ani-

81 1732 143 1772 mi
166 1731 394 1774 celeritate
419 1733 703 1775 contendere.
754 1733 848 1790 Qui
869 1735 906 1776 si
925 1740 1160 1790 permanet
1178 1732 1249 1774 in·

86 1797 351 1843 corruptus,
383 1789 542 1844 suique
562 1790 744 1832 similis:
770 1805 947 1832 necesse
968 1797 1033 1831 est
1052 1789 1113 1830 ita
1132 1789 1249 1830 fera-

87 1852 184 1897 tur,
218 1852 269 1896 nt
289 1852 515 1901 penetret,
546 1854 589 1887 et
608 1847 776 1888 dividat
795 1861 929 1888 omne
951 1846 1122 1887 eaelum
1146 1846 1248 1899 hoc,

86 1900 135 1941 in
152 1915 258 1956 ,quo
298 1901 462 1953 nubes,
510 1903 699 1957 imbres,
751 1905 958 1960 ventique
1001 1910 1250 1958 coguntur:

90 1957 208 2014 quod
228 1966 271 1999 et
291 1957 545 2012 humidum,
578 1967 620 2000 et
640 1960 931 2014 caliginosum
953 1965 1031 2012 est,
1062 1964 1251 2014 propter

90 2012 396 2055 exhalationes
434 2023 593 2057 terrae.
667 2018 816 2067 Quam
846 2016 1081 2072 regionem
1112 2029 1252 2071 quum

91 2071 315 2125 superavit
353 2071 557 2127 3111111113,
615 2080 909 2130 naturamque
946 2072 1016 2114 sui
1056 2069 1252 2114 similem

96 2179 396 2194 Ἄ

143 2244 182 2289 1)
215 2244 342 2280 Verba
361 2245 399 2281 id
421 2256 474 2282 est
496 2247 691 2283 animatam
714 2252 820 2284 uncis
838 2250 990 2285 inclusit
1017 2244 1194 2287 Wolfius.
