1503 2584
529 118 814 163 PARAnoxA,
1182 130 1252 174 337

81 223 245 278 modo,
283 228 360 263 aut
388 219 459 262 cui
487 219 670 260 tandem
703 218 775 258 hic
813 215 954 259 libero
983 217 1223 273 imperabit
1248 228 1250 230 ’

115 281 156 322 ui
193 292 282 321 non
317 283 464 332 potest
507 273 823 330 cupiditatibus
865 274 954 314 suis
988 249 1247 330 imperare}

80 297 295 378 lltesrenet
323 333 522 388 primum
559 330 1008 385 libidine3‚'=spernat
1039 331 1248 386 volupta-

82 397 169 446 tes,
211 389 486 432 iracundiam
526 392 697 439 teneat,
745 387 948 427 coerceat
986 386 1243 443 avaritiam,-

79 456 245 489 ceteras
264 444 399 485 animi
421 443 541 484 labes
562 441 770 498 repellat:
809 449 905 482 tum
932 441 1023 483 inci
1059 442 1122 483 iat
1143 443 1242 485 aliis

77 503 317 558 imperare,
360 514 500 556 quum
526 499 619 554 ipse
650 497 992 553 improbissimis
1021 457 1241 554 dominis,

77 556 286 601 dedecori
313 571 361 596 ac
396 553 666 611 turpitudini
686 567 842 608 parere
864 553 1058 595 desierit.
1115 554 1243 597 Dum

78 614 257 672 quidem
277 612 345 654 his
368 610 567 662 obediet,
596 624 688 650 non
707 609 843 650 modo
864 608 1133 664 imperator,
1162 611 1242 654 sed

75 670 191 713 liber
222 666 453 709 habendus
490 664 676 706 omnino
711 678 801 704 non
832 664 930 705 erit.
1004 665 1240 709 Praeclare

73 725 195 768 enim
222 730 287 765 est
317 723 400 764 hoc
428 727 694 777 usurpatum
723 734 746 760 a
776 719 1068 774 doctissimis7
1108 720 1238 780 (quo-

55 778 174 823 ‘rum
201 779 465 822 auctoritate
493 791 586 817 non
616 783 788 830 uterer,
827 775 865 816 si
891 775 1003 817 mihi
1022 777 1140 833 apud
1161 778 1243 819 ali-

70 851 183 893 quos
201 843 395 891 agrestes
414 834 520 874 haec
539 832 741 874 habenda
759 838 874 873 esset
891 832 1060 883 oratio;
1097 848 1242 889 quum

69 906 177 935 vero
198 891 317 947 apud
339 888 710 948 prudentissimos
737 887 920 944 loquar,
950 888 1238 944 quibushaec

68 948 271 990 inaudita
297 960 389 988 non
420 953 548 987 sunt:
588 958 670 984 cur
700 959 782 1000 ego
811 944 1044 1000 simulem,
1074 946 1241 1002 messi

70 1003 180 1061 quid
206 1003 254 1044 in
284 1001 352 1042 his
377 1001 533 1043 studiis
555 1015 716 1056 operae
739 1001 991 1056 posuerim,
1018 1002 1240 1056 perdidis-

70 1060 171 1113 se‘3)
221 1058 392 1100 dictum
422 1065 489 1098 est
514 1057 652 1112 igitur
683 1056 735 1097 ab
764 1056 1079 1099 eruditissimis
1106 1059 1239 1114 viris,

54 1115 157 1165 *nisi
176 1114 426 1179 sapientem
441 1145 453 1168 ‚
480 1113 671 1154 liberum
694 1126 786 1154 esse
808 1112 1052 1155 neminem.
1111 1114 1239 1170 Quid

69 1179 138 1213 est
163 1185 282 1214 emm
313 1163 532 1212 libertas?
587 1167 787 1210 Potestas
817 1168 1017 1223 vivendi,
1046 1177 1097 1212 ut
1114 1171 1236 1214 velis.

67 1227 183 1280 Quis
202 1227 341 1283 igitur
361 1226 468 1269 vivit
483 1258 496 1280 ‚
523 1232 574 1266 ut
597 1224 717 1278 vult,
744 1225 829 1266 nisi
852 1224 929 1280 qui
950 1232 1072 1267 recta
1089 1227 1238 1283 sequi-

0 1307 1 1340 }
66 1291 168 1340 tur,
206 1283 283 1340 qui
312 1282 476 1338 gaudet
502 1279 673 1336 officio,
712 1281 786 1322 cui
805 1280 980 1322 vivendi
999 1282 1069 1324 via
1089 1283 1237 1324 consi-

68 1340 221 1382 derata
245 1347 376 1396 atque
409 1339 586 1395 provisa
615 1333 715 1379 est?
764 1336 840 1394 qui
859 1335 1033 1393 legibus
1050 1339 1236 1394 quidem

66 1411 161 1438 non
191 1403 379 1452 propter
404 1403 576 1435 metum
604 1400 754 1449 paret,
790 1392 867 1434 sed
902 1408 972 1434 eas
1009 1394 1234 1452 sequitur,

68 1459 198 1508 atque
220 1451 352 1504 colit,
383 1451 485 1507 quia
506 1451 551 1491 id
574 1449 764 1490 salutare
786 1448 983 1490 maxime
1004 1465 1098 1492 esse
1116 1451 1235 1493 iudi-

67 1516 162 1550 cat:
201 1508 276 1564 qui
302 1507 417 1548 nihil
448 1506 579 1560 dicit,
615 1505 729 1546 nihil
758 1504 890 1558 facit,
922 1505 1036 1546 nihil
1061 1507 1233 1563 cogitat

66 1564 279 1620 denique,
312 1563 399 1605 nisi
427 1561 621 1604 libenter
650 1576 700 1602 ac
729 1561 891 1603 libere:
927 1562 1052 1603 cuius
1081 1564 1233 1607 omnia

65 1621 251 1662 consilia
294 1633 454 1676 resque
489 1632 669 1673 omnes,
705 1632 814 1674 quas
851 1617 991 1673 gerit,
1039 1619 1094 1661 ab
1130 1620 1230 1676 ipso

61 1675 414 1732 proficiscuntur
454 1674 699 1729 eodemque
744 1673 979 1715 feruntur:
1035 1690 1118 1717 nec
1164 1683 1232 1717 est

55 1732 154 1774 ‘u‘lla
183 1747 276 1788 res,
316 1747 429 1788 quae
455 1731 557 1787 plus
584 1730 703 1786 apud
731 1744 835 1771 eum
861 1728 1055 1786 polleat,
1091 1746 1229 1788 quam

62 1788 202 1846 ipsius
241 1789 447 1844 voluptas
483 1793 615 1842 atque
650 1786 892 1827 iudicium:
938 1786 1012 1827 cui
1042 1788 1228 1843 quidem

54 1845 197 1886 'etiam
245 1842 381 1904 (quae
421 1844 508 1884 vim
547 1842 709 1885 habere
748 1841 996 1883 maximam
1033 1843 1226 1904 dicitur)

61 1899 259 1943 Fortuna
288 1902 382 1955 ipsa
410 1900 549 1941 cedit:
588 1898 701 1940 sicut
727 1898 902 1954 sapiens
934 1906 1063 1952 poeta
1085 1900 1226 1954 dixit-3

64 1955 173 1999 Suis
192 1973 249 2000 ea
271 1960 441 2014 cuique
456 1955 668 2012 fingitur
688 1954 922 1996 moribus!
955 1964 961 1983 ¹
1021 1956 1116 1997 Soli
1141 1956 1226 2011 igi-

63 2018 140 2053 tur
166 2012 250 2054 hoc
279 2015 500 2069 contingit
527 2011 740 2069 sapienti,
782 2017 833 2051 ut
860 2009 975 2052 nihil
1002 2010 1137 2055 faciat
1155 2013 1225 2055 in·

110 2195 149 2242 1)
176 2194 360 2232 Similiter
380 2199 508 2234 Plane,
537 2197 744 2232 Trinumnz.
766 2195 822 2230 H.
844 2205 879 2234 2.
894 2168 956 2240 *84-

67 2253 148 2289 Cic.
177 2254 274 2300 Opp.
309 2255 421 2318 Tor-ez2
437 2255 548 2290 XIV.
1030 2252 1086 2283 22
