1503 2584
223 132 272 177 94
472 129 685 166 TUSCUL.
712 130 1141 170 DISPUTATIONUM

223 230 347 281 quo¹
377 223 736 277 circumventos,
765 225 1053 268 convenirem
1065 222 1089 268 ’ἶ
1145 228 1395 275 'l‘entarem

224 280 364 323 etiam
383 280 548 322 summi
568 280 708 334 regiS,
742 282 817 336 qui
844 282 1066 324 maximas
1086 285 1237 341 copias
1263 286 1395 329 duxit

222 337 280 380 ad
291 335 505 389 Troiam,
537 343 583 377 et
601 335 753 389 Ulixi,
785 337 1058 395 Sisyphique
1080 341 1396 395 prudentiam:

221 408 308 437 nec
335 393 393 434 ob
422 408 521 435 eam
548 406 669 444 rem,
709 408 849 448 quum
868 392 978 435 haec
997 396 1306 453 exquirerem,
1338 399 1396 441 si-

222 457 299 493 cut
327 448 402 492 hic
429 448 672 504 faciebam,
717 449 863 505 capite
889 449 1142 493 damnarer.
1213 454 1286 495 Ne
1315 469 1393 497 vos

220 504 409 564 quidem
435 505 630 560 iudices,
668 504 728 560 ii,
765 505 842 561 qui
868 506 1234 561 menbsolvistis,
1270 525 1394 553 mor-

219 571 313 605 tem
333 561 588 604 timueritis.
644 560 691 602 N
695 577 743 603 ec
765 562 887 603 enim
906 562 1116 618 cuiquam
1135 563 1253 606 bono
1285 567 1394 609 mali

220 619 469 676 quidquam
498 618 675 660 evenire
691 625 866 672 potest,
903 633 986 660 nec
1015 619 1140 673 vivo,
1171 635 1396 665 1113011101·-

219 685 324 718 tuo:
363 689 446 716 nec
465 688 681 730 umquam
704 676 797 716 eius
818 689 888 716 res
909 689 933 715 a
951 675 1037 716 diis
1059 674 1394 722 immortalibus

219 731 548 788 negliguntur3
579 737 600 758 2
658 746 742 772 nec
767 731 881 772 mihi
902 731 990 787 ipsi
1010 731 1097 773 hoc
1119 734 1281 774 accidit
1300 734 1396 776 for·

218 789 351 831 tuito.
420 787 521 829 Nec
558 801 664 828 vero
695 803 777 842 ego
804 787 882 842 iis,
920 802 945 829 a
971 787 1131 844 quibus
1161 799 1394 833 accusatus

218 860 345 899 sum,
377 850 456 886 aut
485 859 509 885 a
532 843 692 900 quibus
711 844 1061 899 condemnatus,
1097 844 1242 887 habeo
1271 847 1393 902 quod

217 915 507 944 succenseam
521 932 534 955 ,
563 900 649 942 nisi
667 900 786 956 quod
810 900 924 942 mihi
943 915 1109 942 nocere
1128 916 1175 943 se
1194 904 1296 944 cred
1305 903 1396 945 ide-

217 958 384 1001 runt.“
453 957 514 998 Et
549 956 659 998 haec
696 957 878 1012 quidem
918 956 1005 997 hoc
1042 957 1192 999 modo.
1259 959 1395 1001 Nihil

199 1036 201 1038 ·
218 1020 374 1056 autem
392 1012 558 1054 melius
578 1020 806 1054 extremo:
856 1012 985 1068 „Sed
1005 1019 1184 1068 tempus
1205 1022 1293 1069 est,
1323 1015 1395 1056 in·

219 1069 342 1127 quit,
376 1070 468 1111 iam
500 1068 605 1111 hinc
635 1068 758 1110 abire
785 1083 883 1124 me,
921 1076 973 1109 ut
991 1069 1188 1124 morial-3
1214 1085 1316 1124 vos,
1342 1078 1396 1113 ut

218 1126 362 1168 vitam
381 1125 535 1182 agatis,
582 1124 748 1168 Utrum
769 1133 919 1167 autem
938 1125 994 1166 sit
1010 1125 1196 1183 melius,
1225 1125 1289 1168 dii
1308 1127 1398 1168 im-

220 1183 435 1226 mortales
463 1183 636 1224 sciunt:
677 1182 912 1224 hominem
941 1181 1124 1238 quidem
1144 1183 1257 1225 scire
1278 1183 1396 1226 arbi-

219 1245 316 1281 tror
334 1239 579 1281 neminem.
591 1239 619 1263 ‘⁶

359 1350 513 1392 XLII.
572 1351 673 1392 Nae
703 1365 786 1407 ego
816 1350 937 1391 haud
964 1350 1122 1406 paullo
1151 1351 1272 1394 hune
1298 1352 1393 1394 ani-

217 1407 562 1463 mumimalim,
597 1422 732 1463 quam
755 1421 913 1448 eorum
935 1407 1140 1449 omnium
1161 1408 1392 1464 fortunas,

219 1466 298 1521 qui
328 1465 381 1507 de
412 1465 497 1506 hoc
527 1464 852 1506 iudicaverunt.
908 1463 1033 1516 Etsi,
1064 1465 1183 1519 quod
1209 1472 1391 1521 praeter

219 1522 327 1564 deos
346 1529 482 1576 negat
498 1522 613 1562 scire
634 1534 919 1576 quemquam,
944 1520 988 1561 id
1009 1521 1093 1560 scit
1108 1520 1218 1576 ipse,
1236 1527 1392 1564 utrum

215 1578 382 1621 melius
405 1578 473 1619 sit.
533 1576 653 1617 Nam
673 1576 788 1617 dixit
806 1576 921 1617 ante.
980 1575 1067 1617 Sed
1089 1591 1221 1617 suum
1249 1576 1391 1632 illud,

217 1634 334 1678 nihil
372 1642 423 1675 ut
460 1632 674 1688 affirmet,
720 1638 845 1674 tenet
872 1632 928 1673 ad
959 1638 1226 1673 extremum.
1292 1632 1392 1676 Nos

219 1698 373 1732 autem
402 1697 660 1745 teneamus,
702 1697 755 1730 ut
772 1688 889 1729 nihil
909 1702 1167 1729 censeamus
1185 1703 1279 1730 esse
1298 1703 1393 1730 ma-

217 1747 317 1789 111111
331 1779 344 1803 ,
375 1747 497 1802 quod
518 1745 576 1786 sit
595 1760 621 1786 a
639 1754 797 1787 natura
816 1744 973 1786 datum
992 1744 1225 1798 omnibus3
1260 1744 1394 1786 intel-

216 1803 527 1860 ligamusque,
564 1802 602 1843 si
628 1816 752 1844 mors
781 1801 954 1842 malum
980 1801 1061 1855 sit,
1107 1815 1199 1842 esse
1227 1801 1392 1856 sempi-

219 1867 406 1902 ternum
432 1858 622 1901 malum.
681 1859 805 1900 Nam
831 1857 945 1900 vitae
964 1857 1173 1910 miserae,
1200 1870 1321 1898 mors
1340 1857 1392 1899 fi-

269 2036 302 2072 ι)
330 2032 393 2066 Sic
411 2031 538 2066 Benzl.
562 2032 705 2066 Davis.
727 2030 822 2065 Em.
843 2042 912 2069 pro
934 2030 1286 2085 vulg.niniquorum-
1319 2029 1392 2064 Est

220 2083 318 2112 enim
337 2078 442 2123 apud
460 2079 660 2112 Platonem
686 2078 713 2112 l.
735 2078 763 2116 l,
794 2077 853 2112 xx}
883 2074 914 2113 εἴ
939 2091 991 2115 τις
1025 2083 1131 2114 αλλος
1149 2092 1197 2101 -·
1213 2072 1270 2110 διαὶ
1289 2076 1391 2124 agio-cv

219 2117 333 2160 ἄδικον
361 2116 531 2162 τέθνηκεν.

265 2177 302 2210 2)
331 2171 395 2204 Sic
415 2173 556 2205 Davis.
578 2180 619 2206 ut
637 2180 692 2206 ent
714 2165 895 2215 ἐμελεῒταιι
921 2181 985 2215 ap.
1006 2168 1225 2203 Platonem.
1264 2167 1388 2214 Vulgo

220 2214 467 2264 negligentur.
