1503 2584
330 127 471 164 mmm
504 127 744 174 QmN‘rUS.
769 106 774 112 ’
802 127 907 164 civ.
935 133 994 173 34·
1019 135 1082 172 35.
1220 137 1288 178 307

126 223 242 278 sitis3
279 221 346 263 his
375 221 495 264 enim
521 220 654 262 rebus
685 221 1150 265 Lacedaemoniorum
1177 237 1287 281 epu-

124 279 193 322 lae
221 277 506 320 condiuntur.
564 279 715 334 Atque
744 277 828 319 hoc
850 292 941 319 non
966 292 1022 320 ex
1046 277 1285 323 hominum

126 349 254 377 more
291 332 437 375 solum
459 364 473 387 ,
518 333 594 375 sed
631 333 765 375 etiam
803 347 862 375 ex
902 333 1052 376 bestiis
1086 335 1284 393 intelligi

126 396 296 448 potest,
326 404 463 446 quae,
494 397 542 431 ut
562 388 777 446 quidquid
799 388 1023 432 obiectum
1049 401 1136 446 est,
1164 393 1285 450 quod

125 445 262 490 modo
292 461 315 488 a
344 452 498 487 natura
530 462 621 488 nou
650 446 706 488 sit
724 445 946 502 alienum,
975 461 1027 489 eo
1046 454 1283 491 contentae

126 517 217 546 non
239 509 460 558 quaerunt
478 502 681 558 amplius.
718 501 928 544 Civitates
947 503 1163 559 quaedam
1183 506 1286 547 uni-

123 573 299 614 versae,
332 572 458 599 more
483 559 662 611 doctae,
697 558 969 614 parsimonia
989 559 1286 619 delectantur,

125 623 177 656 ut
192 614 245 656 de
258 613 627 657 Lacedaemoniis
646 612 796 669 paullo
812 621 914 654 ante
935 615 1147 657 diximus,
1180 617 1289 660 Per-

125 685 276 713 sarum
306 685 330 712 a
359 667 665 726 Xenophonte
693 668 836 710 victus
865 665 1111 725 exponitur
1125 685 1146 714 ι.
1177 689 1288 730 quos

125 734 262 784 negat
290 726 344 768 ad
377 740 534 781 panem
563 724 774 766 adhibere
801 724 1071 782 quidquam,
1108 739 1288 785 praeter

124 785 412 826 nasturtium.
486 781 796 838 Quamquam,
840 781 874 822 si
903 781 1122 837 quaedam
1152 786 1288 828 etiam

126 840 331 881 suaviora
350 846 509 879 natura
531 837 776 891 desideret,
806 850 940 892 quam
959 837 1103 881 multa
1122 855 1179 881 ex
1199 850 1291 884 ter-

127 909 176 938 ra
206 893 528 949 arboribusque
548 893 793 949 gignuntur
843 898 941 934 tum
960 895 1086 950 copia
1105 895 1250 953 sacili,
1274 907 1290 932 ¹

128 960 228 995 tum
265 950 479 993 suavitate
508 948 804 1006 praestantia.
860 948 989 990 Adde
1019 951 1289 1011 siccitatem,

129 1023 242 1066 quae
272 1006 561 1062 consequitur
589 1004 704 1046 hanc
730 1004 1053 1048 continentiam
1075 1007 1121 1049 in
1145 1010 1291 1066 vicum,

129 1063 243 1107 adde
270 1063 573 1118 integritatem
596 1060 869 1102 valitudinis,
934 1061 1105 1105 Confer
1130 1063 1294 1109 sudan-

130 1128 218 1174 tes,
253 1125 503 1173 ructantes,
529 1116 720 1159 refertos
745 1117 914 1173 epulis,
947 1123 1173 1175 tamquam
1194 1122 1291 1180 opi.

130 1191 229 1218 mos
249 1176 404 1217 boves:
431 1181 531 1216 tum
549 1172 786 1228 intelliges,
809 1173 884 1229 qui
904 1174 1181 1230 voluptatem
1199 1194 1293 1222 ma-

131 1234 254 1275 xime
272 1237 538 1288 sequantur,
568 1244 643 1271 eos
664 1229 848 1271 minime
869 1232 1105 1287 consequi3
1133 1234 1293 1276 iucun-

132 1287 581 1344 ditatemquevictus
619 1300 710 1328 esse
744 1285 793 1327 in
831 1284 1075 1342 desiderio,
1121 1291 1293 1333 nonin

130 1345 345 1388 satietate.

273 1478 484 1523 XXXV.
540 1477 852 1534 Timotheum,
873 1479 1043 1521 clarum
1063 1479 1298 1525 hominem

134 1537 343 1590 Athenis,
370 1543 407 1576 et
434 1534 688 1591 principem
712 1537 917 1590 civitatis,
943 1535 1121 1592 serunt,
1155 1552 1296 1594 quum

136 1593 379 1638 cenavisset
406 1590 521 1648 apud
542 1590 799 1647 Platonem,
836 1606 977 1648 eoque
997 1593 1201 1635 convivio
1222 1596 1299 1637 ad-

135 1650 324 1694 modum
352 1648 598 1690 delectatus
628 1657 763 1702 esset,
798 1649 1065 1705 vidissetque
1094 1663 1199 1690 eum
1216 1667 1299 1708 po·-

136 1707 318 1761 stridie,
348 1704 534 1746 dixisse:
589 1703 814 1759 „Vestrae
841 1705 1022 1760 quidem
1045 1719 1179 1746 cenae
1202 1704 1295 1749 non

136 1763 284 1806 solum
314 1762 358 1803 in
382 1760 652 1816 praesentia,
691 1761 767 1802 sed
784 1765 920 1802 etiam
939 1769 1117 1817 postero
1138 1763 1209 1805 die
1228 1765 1297 1805 iu-

138 1819 310 1861 cundae
330 1816 481 1858 sunt-‘⁶
543 1815 691 1872 Quid,
719 1817 839 1873 quod
858 1831 914 1858 ne
942 1826 1091 1859 mente
1111 1819 1296 1875 quidem

137 1881 258 1917 recte
299 1873 368 1914 uti
401 1886 660 1930 possumus,
712 1873 853 1915 multo
889 1873 988 1914 cibo
1030 1880 1075 1914 et
1112 1876 1297 1931 potione

139 1924 386 1988 completi?
439 1928 519 1969 Est
547 1928 780 1984 praeclara
807 1929 993 1986 epistota
1014 1928 1214 1973 Platonis
1243 1932 1297 1974 ad

139 1985 300 2030 Dionis
334 1999 635 2044 propmquos3
673 1985 723 2027 in
758 2000 844 2042 qua
868 1984 1090 2043 scriptum
1124 1995 1190 2029 est
1226 1987 1295 2030 hta.

192 2204 233 2252 ι)
254 2203 374 2240 facilia
395 2205 587 2240 Davisius
613 2218 630 2239 e
649 2204 816 2243 Bentleii
836 2211 1068 2244 coniectura.
