1503 2584
353 121 498 158 LIBER
520 121 719 157 PRIMUS.
768 122 873 158 CAP.
902 127 956 166 14.
985 129 1040 165 ις.
1236 132 1308 175 53)

110 212 254 259 nero?
309 214 432 269 Ergo
474 214 654 258 arbores
688 215 795 257 serit
826 214 1016 270 diligens
1049 216 1270 273 agricola,

110 286 299 331 quarum
329 271 544 328 adspjeiet
568 272 752 314 baccam
777 271 873 327 ipse
895 286 1165 328 numquam:
1205 275 1274 317 vir

109 342 297 382 magnus
330 326 477 384 leges,
519 328 748 383 instituta,
792 341 889 369 rem
918 328 1151 384 publicam
1177 345 1272 374 non

107 378 258 427 seret?
316 384 438 439 Quid
460 385 715 440 procreatio
735 384 1008 440 liberorum,
1039 385 1146 440 quid
1167 401 1275 443 pro-

103 440 284 496 pagatio
303 441 522 495 nomini8‚
552 441 657 497 quid
679 440 990 497 adoptationes
1013 449 1023 471 ¹
1054 441 1270 500 filiorum,

104 495 212 552 quid
246 503 621 544 testamentorum
649 495 905 553 diligentia,
944 497 1052 553 quid
1078 497 1173 554 ipsa
1204 514 1273 541 se-

102 552 370 608 pulcrorum
404 561 725 609 monumenta,
777 551 886 609 quid
922 552 1068 610 elogia
1102 554 1272 611 signifi-

104 616 230 663 cant,
267 610 355 655 nisi
390 610 480 650 nos'
501 607 656 652 sutura
686 609 822 651 ctiam
850 605 1087 664 cogitare?
1143 611 1269 663 Quid

99 660 250 707 illud?
295 680 406 708 num
436 664 634 718 dubitas,
677 667 786 722 quin
823 665 1050 721 specimen
1080 674 1269 710 naturae

102 722 203 777 capi
223 721 377 764 deceat
398 729 420 755 2
451 737 508 763 ex
528 721 696 778 optima
719 735 892 778 quaque
916 720 1115 765 natura?
1152 739 1267 780 quae

101 785 168 818 est
196 778 334 835 igitur
361 778 523 821 melior
546 777 595 819 in
622 777 864 820 hominum
891 792 1054 832 genere
1081 788 1268 836 natura,

99 831 237 889 'quam
264 850 445 889 eorum,
491 834 567 892 qui
595 850 639 876 se
661 842 789 876 natos
809 834 862 874 ad
885 833 1093 877 homines
1111 836 1268 879 iuvan-

102 892 182 931 dos
204 923 216 946 ,
274 893 482 934 tutandos
503 922 514 944 ‚
574 891 905 933 conservandos
951 888 1266 936 arbitrantur?

100 946 229 989 Abiit
257 949 311 989 ad
339 948 443 989 deos
477 947 709 989 Hercules.
766 946 1031 1003 Numquam
1061 947 1266 1003 abiisset,

101 1002 210 1059 nisi,
241 1019 380 1060 quum
400 1004 518 1044 inter
535 1002 740 1045 homines
758 1011 893 1058 esset,
920 1018 1018 1044 eam
1040 1004 1125 1046 sibi
1144 1005 1267 1047 viam

100 1061 374 1103 munivisset.
401 1060 570 1105 Vetera
588 1060 676 1101 iam
699 1059 798 1113 ista,
817 1067 861 1101 et
878 1059 1096 1116 religione
1119 1061 1266 1103 omni-

100 1131 178 1159 um
199 1122 472 1162 consecrata,
972 1118 976 1120 “

236 1229 346 1270 XV.
407 1227 531 1280 Quid
550 1227 600 1271 in
620 1228 702 1269 hac
720 1242 767 1269 re
783 1227 964 1282 publica
988 1235 1067 1282 tot,
1096 1236 1267 1271 tantos-

99 1299 184 1341 que
213 1285 330 1327 viros
359 1284 416 1325 ob
444 1299 539 1325 rem
568 1283 798 1340 publicam
823 1283 1109 1340 interfectos5
1142 1287 1265 1341 cogi-

96 1350 209 1382 tasse
236 1335 548 1382 arbitramur?
585 1339 802 1382 iisdemne
829 1347 880 1381 ut
904 1340 1072 1381 finibus
1093 1355 1262 1383 nomen

97 1411 252 1447 suum,
280 1397 438 1453 quibus
456 1398 568 1451 vita,
597 1391 952 1438 terminaretur?
991 1396 1141 1438 Nemo
1162 1413 1264 1439 um-

97 1468 232 1510 quam
251 1455 344 1495 sine
363 1467 525 1508 magna
545 1468 622 1508 spe
640 1452 994 1494 immortalitatis
1014 1468 1058 1494 se
1077 1469 1161 1510 pro
1181 1469 1261 1510 pa-

97 1510 181 1551 tria
216 1510 400 1552 offerret
436 1509 492 1551 ad
526 1517 736 1551 mortem.
798 1509 954 1552 Licuit
990 1523 1081 1551 esse
1111 1511 1259 1553 otioso

96 1567 136 1607 Τ
140 1565 418 1621 hemistocli,
452 1566 581 1608 licuit
602 1564 971 1621 Epaminondae,
1006 1565 1162 1622 licuit,
1201 1581 1258 1607 ne

96 1630 141 1664 et
152 1630 301 1664 vetera
321 1631 365 1665 et
385 1629 570 1664 externa
597 1637 824 1678 quaeram,
845 1622 981 1663 mihi:
1011 1623 1088 1665 sed
1107 1623 1258 1665 nescio

96 1679 323 1735 quomodo
350 1679 556 1722 inhaeret
583 1679 631 1719 in
658 1678 886 1720 mentibus
915 1679 1040 1736 quasi
1059 1680 1264 1721 saeculo-

94 1750 199 1777 rum
220 1736 446 1791 quoddam
469 1735 708 1791 augurium
727 1733 1017 1786 futurorum3
1047 1735 1181 1791 idque
1209 1735 1261 1778 in

93 1792 305 1834 maximis
327 1792 520 1849 ingeniis
558 1791 874 1847 altissimisque
904 1791 1065 1835 animis
1093 1800 1138 1833 et
1163 1792 1262 1833 exi·

95 1849 173 1889 stit
198 1849 422 1905 maxime,
455 1856 500 1890 et
526 1855 713 1905 apparet
738 1846 967 1891 facillime.
1025 1847 1130 1903 Quo
1158 1847 1259 1904 qui-

96 1903 197 1947 dem
219 1905 427 1962 dempto,
466 1905 564 1961 quis
590 1911 682 1945 tam
704 1911 818 1944 esset
837 1918 1016 1959 amens,
1047 1904 1126 1960 qui
1143 1919 1260 1945 sem-

93 1975 175 2017 per
194 1962 245 2002 in
263 1961 509 2018 laboribus,
536 1969 580 2003 et
601 1960 814 2016 periculis
834 1955 1036 2010 viveret?
1073 1960 1262 2018 Loquor

143 2108 180 2153 ι)
208 2109 269 2144 Sic
295 2110 409 2150 codd,
431 2111 520 2157 Bag,
543 2110 689 2145 Eliens.
719 2120 754 2143 2.
774 2116 810 2153 3.
831 2110 930 2145 Bak.
952 2119 994 2145 ut
1014 2115 1156 2156 recepit
1174 2112 1260 2144 Da·

96 2157 169 2189 vis.
202 2156 327 2202 Vulgo
353 2157 584 2201 adoptiones

141 2201 182 2246 2)
212 2202 387 2238 Lambin.
411 2204 554 2238 Davi-5.
578 2201 726 2237 debeat.
