1503 2584
239 122 305 149 212
493 107 704 145 TUSCUL.
730 107 1160 149 DISPUTATIONUM

250 204 505 262 Voluptati
522 201 857 257 malivolentia,
880 209 892 233 ¹
922 201 1184 258 delectatio,
1215 202 1413 256 iactatio,

250 268 296 303 et
314 260 490 302 similia.
539 257 759 300 Libidini
780 257 871 312 ira,
898 257 1290 312 excandescentia,
1320 258 1418 299 odi·
1476 304 1479 308 ⁴

250 332 356 369 um,
395 314 659 368 inimicitia,
704 313 948 368 discordia,
988 312 1262 370 indigentia,
1300 313 1415 355 desi<

253 372 457 426 derium,
487 379 531 412 et
551 377 699 411 cetera
722 368 956 411 eiusmodi.

366 427 494 470 Haec
525 432 677 468 autem
704 423 928 467 definiunt
956 425 1040 466 hoc
1069 425 1219 467 modo.
1277 427 1416 467 Invi-

250 486 473 529 'dentiam
509 496 600 523 esse
629 482 785 523 dicunt
812 481 1143 538 aegritudinem
1164 490 1416 537 susceptam

252 548 442 599 propter
469 536 654 580 'alterius
682 551 750 579 res
776 537 1013 591 secundas,
1057 553 1169 591 quae
1197 537 1311 579 nihil
1336 552 1418 578 no-

254 604 388 640 ceant
405 594 642 637 invidenti.
700 593 821 635 Nam
843 592 880 634 si
898 593 993 648 quis
1014 594 1161 635 doleat
1172 594 1266 635 eius
1284 593 1417 633 rebus

254 651 488 704 secundis,
519 666 541 691 a
561 665 649 706 quo
670 649 765 706 ipse
790 649 1015 703 laedatur,
1058 665 1149 690 non
1168 658 1286 691 recte
1309 648 1420 690 dici-

253 717 329 752 tur
358 706 582 761 invidere,
618 713 668 747 ut
699 705 735 746 si
760 705 950 746 Hectori
967 706 1266 759 Agamemno.
1326 701 1419 759 Qui

257 772 435 820 autem,
474 762 545 803 eui
564 760 748 803 alterius
775 769 792 791 ²
820 762 1055 801 commoda
1075 761 1191 802 nihil
1211 766 1418 814 noceant,

255 830 409 864 tamen
429 834 531 860 eum
553 818 699 859 doleat
721 816 791 857 his
812 815 926 869 frui,
956 817 991 857 is
1009 816 1179 858 invidet
1198 815 1419 873 profecto.

255 874 540 921 'Aemulatio
572 879 721 913 autem
750 867 991 925 dupliciter
1018 871 1094 912 illa
1115 873 1291 926 quidem
1313 872 1422 913 divi-

259 940 359 987 tur,
397 937 448 972 ut
476 935 520 970 et
540 929 588 970 in
607 927 764 981 laude,
804 934 847 967 et
864 927 911 967 in
930 926 1038 968 vitio
1060 941 1224 968 nomen
1244 927 1331 969 hoc
1351 927 1420 967 sit.

258 990 386 1030 Nam
430 994 475 1027 et
509 983 703 1033 imitatio
737 981 913 1025 virtutis
960 983 1200 1024 aemulatio
1233 982 1422 1033 diciturz,

259 1044 406 1098 sedea
428 1040 541 1084 nihil
564 1039 649 1081 hoc
668 1039 769 1080 loco
789 1038 987 1093 utimur3
1025 1045 1091 1080 est
1117 1039 1235 1080 enim
1255 1038 1423 1093 laudis3

260 1109 308 1142 et
334 1105 400 1142 est
425 1095 667 1140 aemulatio
700 1094 958 1151 aegritudo,
995 1095 1031 1136 si
1060 1110 1138 1150 eo,
1169 1094 1286 1151 quod
1315 1108 1425 1135 con-

260 1154 477 1213 cupierit,
517 1152 629 1194 alius
651 1152 875 1208 potiatur,
912 1148 1006 1205 ipse
1027 1158 1185 1192 careat.
1255 1151 1423 1192 Obtre-

263 1214 415 1256 ctatio
437 1217 586 1251 autem
608 1216 686 1264 est,
714 1222 766 1249 ea
784 1222 917 1263 quam
935 1207 1127 1262 intelligi
1148 1198 1424 1264 zelotypiam

261 1268 393 1322 volo,
431 1263 664 1322 aegritudo
695 1279 753 1305 ex
772 1278 849 1318 eo,
882 1263 1000 1320 quod
1020 1263 1129 1304 alter
1148 1277 1254 1319 quos
1273 1278 1323 1304 ue
1346 1278 1426 1318 po-

262 1327 404 1366 tiatur
442 1337 520 1377 eo,
568 1320 688 1376 quod
718 1320 814 1376 ipse
853 1317 1170 1375 concupiverit.
1237 1280 1425 1361 Iidiseri-

264 1379 438 1422 cordia
468 1385 533 1418 est
559 1376 794 1430 aegritudo
824 1391 881 1417 ex
909 1376 1084 1416 miseria
1114 1375 1318 1428 alterius,
1356 1376 1426 1417 in-

263 1437 379 1478 iuria
408 1434 664 1476 laborantis.
732 1432 880 1473 Nemo
909 1431 1027 1472 enim
1049 1431 1317 1486 parricidae,
1347 1438 1425 1471 aut

262 1488 756 1550 proditoris-supplicio
777 1486 1082 1528 misericordia
1105 1495 1425 1528 commovetur.

261 1548 463 1606 Angor,
493 1544 728 1601 aegritudo
749 1558 972 1599 premenS.
1029 1543 1207 1585 Luctus
1230 1543 1426 1598 aegritu-

264 1605 322 1647 do
351 1618 408 1645 ex
438 1601 556 1656 eius,
593 1600 668 1656 qui
695 1613 823 1641 carus
851 1599 1014 1654 fuerit,
1042 1600 1225 1640 interitu
1250 1598 1424 1642 acerbo.

266 1660 490 1705 Maeror,
535 1656 770 1710 aegritudo
799 1654 972 1696 flebilis.
1037 1653 1313 1701 Aerumna,
1355 1670 1426 1695 ae-

263 1716 444 1772 gritudo
460 1713 697 1755 laboriosa.
743 1712 927 1757 Dolor,
958 1710 1187 1765 aegritudo
1206 1712 1423 1752 crucians.

264 1772 601 1815 Lamentata),
641 1783 690 1810 ae
725 1767 875 1809 ritudo
906 1782 1009 1808 cum
1041 1767 1219 1808 eiulatu.
1278 1768 1424 1808 Solli-

266 1829 462 1873 ciendo,
509 1825 680 1880 aegritu
714 1838 739 1864 o
780 1837 884 1864 cum
919 1823 1200 1877 cogitatione.
1268 1823 1424 1865 Mole-

266 1887 390 1930 πίῃ,
431 1878 663 1938 aegritudo
683 1893 962 1938 permanens.
1018 1876 1322 1935 Affliccacio,
1355 1894 1426 1920 ae-

261 2001 568 2016 m

312 2092 351 2135 ¹]
385 2091 507 2137 Vulgo
528 2089 690 2124 additur
711 2088 851 2124 laetam
870 2088 967 2122 malo
987 2087 1131 2125 alieno.
1155 2084 1259 2132 quod
1273 2085 1425 2133 glossa·

263 2143 339 2172 con·
360 2134 490 2170 deberi
514 2136 694 2170 viderunt
711 2134 867 2171 Bentlei.
892 2138 1034 2170 Davis.
1055 2133 1148 2169 Em.

301 2183 344 2228 a)
374 2183 574 2217 Emensus
596 2184 748 2218 mavult
769 2193 881 2229 quum
902 2180 1065 2216 alterius.
