1503 2584
239 120 308 161 324
549 115 606 151 M.
632 114 800 151 TULLII
824 115 1094 151 CICERONIS

246 209 383 250 tiatur
411 208 671 264 cupiditatis
698 208 817 250 sitis:
859 222 1002 264 neque
1033 208 1205 260 solum,
1249 221 1300 250 ea
1339 208 1415 264 qui

249 265 433 319 habent,
460 264 646 306 libidine
668 264 862 320 augendi
883 264 1153 319 cruciantur,
1183 264 1258 304 sed
1281 263 1417 304 etiam

249 321 483 363 amittendi
511 327 650 361 metu.
708 320 762 362 In
791 335 878 376 quo
899 320 1105 375 equidem
1127 319 1419 361 continentis-

251 377 472 419 simorum
490 376 743 430 hominum,
772 375 1000 417 maiorum
1018 382 1295 426 nostrorum,
1325 390 1420 417 sae-

248 447 307 490 pe
334 433 517 489 requiro
550 432 861 487 prudentiam,
899 431 976 486 qui
1001 431 1109 472 haec
1127 431 1352 473 imbecilla
1374 440 1419 473 et

249 488 592 530 commutabilia
609 487 826 543 pecuniae
854 502 1067 540 munera,
1096 495 1109 519 ¹
1146 487 1283 529 verbo
1321 499 1422 528 Bo-

251 556 322 586 NA
349 551 625 601 putaverunt
654 543 943 599 appellanda,
983 557 1122 598 quum
1140 558 1188 584 re
1216 558 1264 584 ac
1288 541 1417 586 factis

248 600 386 656 longe
428 600 555 641 aliter
594 598 945 640 iudicavissent.v
1000 599 1210 639 Potestne
1250 599 1419 640 bonum

249 658 461 712 cuiquam
487 655 607 696 malo
639 669 728 695 esse
741 649 765 695 '?
822 654 917 694 Aut
943 661 1088 709 potest
1111 654 1347 710 quisquam
1368 656 1417 696 in

249 712 525 753 abundantia
548 711 769 752 bonorum
789 710 881 765 ipse
904 724 995 750 esse
1015 725 1109 751 non
1131 712 1299 754 bonus?
1334 713 1418 753 At-

249 769 329 824 qui
364 767 447 808 ista
485 766 633 807 omnia
670 766 775 806 talia
816 765 1043 818 videmus,
1084 773 1135 806 ut
1165 767 1297 807 etiam
1333 768 1418 810 im*

283 824 383 864 robi
412 822 606 863 habeant
638 828 682 860 et
711 820 861 860 obsint
889 821 1054 873 probis,
1111 820 1415 871 Quamobrem

247 837 357 921 iicet
383 878 594 931 irrideat,
629 877 665 917 si
699 876 795 931 quis
815 874 934 915 vult:
977 876 1076 931 plus
1103 876 1221 930 apud
1252 892 1322 917 me
1353 886 1419 920 ω’-

248 949 356 976 men
390 948 497 975 vera
533 932 648 974 ratio
687 931 877 985 valebit,
927 946 1061 986 quam
1099 931 1219 985 vulgi
1250 933 1417 988 opinio.

249 991 411 1047 Neque
431 1004 512 1045 ego
532 1002 747 1044 umquam
767 987 883 1028 bona
903 987 1145 1044 perdidisse
1169 987 1314 1030 dicam
1328 1022 1341 1045 ,
1378 991 1418 1032 si

251 1047 328 1103 qui
349 1060 510 1102 pecus„
537 1050 615 1086 aut
633 1043 993 1100 suppellectilem
1013 1043 1232 1093 amiserit;
1271 1061 1416 1102 neque

250 1117 344 1144 non
372 1116 502 1158 saepe
521 1099 713 1142 laudabo
735 1098 983 1153 sapientem
1003 1099 1131 1140 illum
1145 1130 1157 1154 ,
1186 1099 1390 1144 Biantem
1404 1136 1418 1159 ,

248 1165 301 1199 ut
338 1158 526 1213 opinor,
571 1156 647 1213 qui
682 1161 946 1198 numeratur
972 1155 1019 1196 in
1046 1163 1241 1212 septem,
1289 1160 1415 1201 cuius

248 1230 391 1273 quum
418 1214 611 1271 patriam
631 1212 827 1254 Prienen
857 1211 1042 1267 cepisset
1068 1211 1231 1266 hostis,
1258 1217 1418 1256 ceteri-

248 1287 335 1329 que
354 1271 414 1311 ita
433 1269 668 1325 fugerent,
699 1275 750 1308 ut
768 1266 910 1308 multa
930 1266 984 1308 de
1005 1267 1094 1309 suis
1111 1268 1243 1311 rebus
1262 1284 1415 1313 secum

248 1332 550 1385 asportarent,
589 1339 726 1380 quum
748 1329 865 1364 esset
885 1323 1045 1364 admon
1056 1324 1139 1365 itus
1159 1339 1183 1365 a
1203 1326 1414 1383 quodam,

247 1394 300 1429 ut
325 1384 446 1426 idem
474 1382 567 1438 ipse
593 1382 778 1423 faceret:
825 1379 929 1436 Ego
955 1395 1098 1425 vero,
1137 1381 1305 1437 inquit,
1327 1383 1414 1440 fa-

251 1446 358 1488 cz'o,
412 1454 524 1480 nam
563 1440 726 1479 omnia
761 1450 867 1477 mea
899 1448 1038 1493 porco
1069 1452 1266 1481 mecum.
1329 1441 1414 1482 me

248 1499 359 1540 haec
387 1493 581 1537 ludibria
609 1494 840 1544 fortunae,
881 1506 937 1532 ne
965 1505 1042 1531 sua
1071 1493 1256 1546 quidem
1286 1503 1416 1551 puta.

247 1555 339 1609 vit,
379 1563 494 1609 quae
522 1565 603 1591 nos
631 1548 909 1604 appellamus
941 1547 1075 1587 etiam
1105 1547 1234 1590 bona.
1290 1552 1413 1603 Quid

250 1617 317 1652 ost
345 1610 505 1665 igitur,
544 1612 727 1661 quaeret
755 1602 939 1658 aliquis,
975 1598 1181 1644 bonum?
1239 1605 1289 1646 Si
1305 1609 1412 1664 quid

248 1673 370 1709 recte
396 1662 470 1715 fit,
508 1668 552 1702 et
580 1660 789 1714 honeste,
828 1666 872 1698 et
894 1673 997 1700 cum
1016 1658 1204 1715 virtute,
1233 1660 1279 1702 id
1299 1663 1410 1705 bene

249 1723 376 1777 fieri,
407 1733 510 1762 vere
537 1717 724 1758 dicitur:
763 1721 833 1770 et,
871 1714 988 1770 quod
1015 1723 1188 1757 rectum
1210 1723 1254 1758 et
1273 1717 1411 1760 hone-

248 1786 396 1831 stum,
443 1782 488 1817 et
526 1788 632 1814 cum
666 1772 832 1815 virtute
869 1778 958 1822 est,
1001 1770 1048 1810 id
1074 1770 1221 1814 solum
1248 1775 1409 1830 opinor

246 1836 430 1877 bonum.

245 1962 551 1980 -.....-..-

292 2056 333 2102 1)
356 2056 421 2089 Ica
450 2055 530 2089 iam
560 2054 648 2088 olim
667 2054 934 2101 corrigendum
958 2057 1086 2086 cens-ui
1103 2051 1208 2095 vulg.
1228 2051 1409 2097 pecuniae

243 2101 409 2136 membra
440 2106 479 2135 in
502 2113 617 2146 eoque
639 2100 733 2134 mihi
753 2100 932 2134 assentiri
950 2100 1074 2132 laetor
1100 2098 1324 2131 I‘Vetzelium
1345 2100 1406 2143 qui

243 2158 333 2191 apte
354 2152 594 2190 comparavit
613 2149 739 2182 locum
761 2145 809 2180 de
828 2145 911 2181 Fin,
932 2145 987 2184 ΙΙ,
1011 2156 1067 2190 ι7.
1085 2144 1237 2190 pecunia
1259 2144 1408 2190 pariun-

240 2203 300 2229 tut
320 2193 528 2239 voluptates
560 2192 754 2240 plurimae.
