1503 2584
289 106 432 144 LIBER
464 105 698 143 TERTmS.
716 121 720 127 ·
742 105 848 142 CAP.
868 115 926 154 29.
953 113 1015 150 30.
1168 115 1232 155 195

61 208 208 265 plures
243 205 362 245 sunt'
386 214 541 242 causae
581 199 855 257 suscipiendi
891 198 1071 244 doloris.
1129 201 1230 246 Pri-

59 277 187 306 mum
213 259 289 302 illa
320 256 477 314 opinio
506 255 640 310 mali,
679 271 767 312 quo
794 257 914 312 viso,
959 263 1092 313 atque
1124 274 1226 313 per-

59 332 187 361 suaso
203 313 436 370 aegritudo
455 312 708 368 insequitur
725 312 991 355 necessario.
1048 313 1224 357 Deinde

60 375 191 418 etiam
227 375 408 428 gratum
446 368 637 410 mortuis
675 383 719 410 se
749 367 922 423 facere,
960 368 997 410 si
1024 371 1223 426 graviter

58 444 131 473 eos
147 429 196 470 lu
229 433 354 480 eant,
376 424 680 467 arbitrantur.
747 424 942 473 Accedit·
963 427 1223 481 superstitio

56 483 193 530 mulie
226 483 286 524 ris
321 480 552 539 quaedam.
629 480 906 522 Existimant
941 480 1088 538 enim,
1135 481 1222 524 diis

54 537 383 588 immortalibus
401 550 456 578 ‘se
485 535 660 578 facilius
689 536 791 578 satis
817 536 1038 592 facturos,
1082 538 1117 580 si
1147 552 1224 580 eo-

54 609 157 640 rum
185 595 317 652 plaga
342 591 540 650 perculsi
576 590 762 634 afflictos
790 607 837 633 se
866 600 913 634 et-
937 600 1099 636 stratos
1128 609 1224 637 esse

51 651 289 695 fateantur.
347 648 436 692 Sed
465 646 576 689 haec
593 646 710 688 iuter
729 660 928 703 sequam
946 658 1222 705 repugnent,

50 707 258 766 plerique
277 719 372 748 non
390 704 557 747 vident.
586 700 826 744 *Laudant
847 702 968 745 enim
999 718 1073 746 eos
1089 736 1102 760 ‚
1140 706 1222 762 qui

54 776 195 819 aequo
220 760 370 803 animo
399 758 680 802 moriantur:
715 758 796 814 qui>
812 758 998 802 alterius
1021 768 1221 804 mortem

53 833 195 875 aequo
227 817 378 859 animo
401 815 575 871 ferant,
605 829 679 856 eos
700 820 863 870 putant
880 814 1221 873 vituperandos.

53 873 194 932 Quasi
211 873 309 915 fieri
328 871 424 914 ullo
444 870 579 913 modo
599 871 739 927 possit
752 902 765 925 ,
792 871 913 927 quod
929 871 977 913 in
997 874 1222 915 amatorio

52 944 256 979 sermone
285 928 373 971 dici
399 927 537 983 solet,
573 935 623 969 ut
651 927 887 984 quisquam
907 928 1008 983 plus
1028 928 1221 976 alterum

54 982 237 1042 diligat,
275 998 425 1041 qua-'ms
437 997 496 1025 se.
555 982 844 1041 Praeclarum
870 983 984 1025 illud
1003 992 1091 1039 est,
1120 992 1163 1028 et
1181 986 1222 1028 si

55 1040 256 1099 quaeriS,
285 1046 460 1082 rectum
481 1038 569 1095 quo
598 1053 658 1080 *ue
678 1045 722 1079 et
741 1051 925 1094 verum,
955 1045 1006 1080 ut
1024 1054 1112 1098 eos,
1143 1041 1222 1098 qui

53 1097 182 1141 nobis
209 1095 423 1139 carissimi
451 1109 545 1138 esse
572 1054 787 1149 gemant,
816 1109 954 1151 aeque
974 1111 1022 1137 ac
1041 1105 1223 1140 nosmet

52 1155 171 1212 ipsos
197 1165 420 1195 amemus:
459 1158 510 1192 ut
534 1165 639 1193 vero
662 1150 787 1207 plus,
815 1149 916 1192 fieri
941 1151 1063 1193 nullo
1082 1162 1218 1210 pacto

52 1218 214 1268 potest.
272 1209 344 1249 Ne
372 1207 622 1264 optandum
641 1206 823 1263 quidem
844 1214 909 1248 est
927 1207 974 1248 in
995 1209 1218 1265 amicitia,

54 1271 108 1308 ut
137 1279 208 1308 me
235 1265 312 1306 ille
344 1264 485 1321 pluss
518 1277 651 1319 quam
688 1277 761 1316 se,
807 1276 894 1318 ego
923 1263 1056 1305 ilium
1090 1267 1220 1323 plus,

53 1337 188 1379 quam
211 1337 306 1374 met,
346 1319 624 1377 perturbatio
646 1316 790 1373 vitae,
824 1319 862 1359 si
881 1318 943 1360 ita
962 1319 1041 1375 sit,
1082 1328 1219 1379 atque

52 1378 303 1421 officiorum
324 1376 529 1420 omnium
548 1381 863 1435 consequatur.

190 1488 363 1532 XXX.
412 1487 501 1530 Sed
537 1487 591 1530 de
626 1486 713 1530 hoc
752 1486 873 1530 alias.
930 1487 1069 1531 Nunc
1102 1488 1221 1535 illud

51 1546 154 1588 satis
183 1555 270 1601 est,
298 1559 389 1587 non
410 1544 654 1588 attribuere
672 1543 727 1586 ad
746 1544 1030 1587 amissionem
1051 1547 1222 1593 amico-

48 1617 154 1645 rum
183 1601 409 1644 miseriam
444 1609 671 1656 nostram,
710 1614 767 1642 ne
795 1600 896 1643 illos
922 1601 1049 1658 plus,
1082 1617 1218 1659 quam

50 1658 138 1716 ipsi
173 1658 341 1713 velint,
395 1657 431 1700 si
476 1657 695 1713 sentiant,
747 1656 848 1713 plus
884 1665 1029 1713 certe,
1081 1675 1220 1714 quam

50 1715 399 1771 nosmetipsos,
435 1713 690 1768 diligamus.
766 1713 886 1754 Nam
919 1714 1039 1771 quod
1067 1716 1219 1770 aiunt,

49 1771 286 1828 plerosque
315 1768 695 1812 consolationibus
725 1768 840 1813 nihil
866 1769 1031 1826 levari,
1058 1772 1222 1814 adiun-

14 1840 17 1842 ·
54 1835 276 1884 guntque‚
317 1826 624 1869 consolatores
651 1825 771 1883 ipsos
802 1825 1006 1867 confiteri
1024 1842 1070 1869 se
1086 1828 1222 1870 mise-'-

54 1896 150 1938 ros‚
195 1897 336 1939 quum
373 1882 429 1924 ad
466 1896 540 1923 eos
575 1881 798 1939 impetum
834 1895 966 1923 suum
992 1882 1175 1927 fortuna
1201 1893 1229 1918 1·

55 1938 348 1982 converterit:
375 1946 619 1994 utrumque
640 1931 907 1983 dissolvitur.
961 1938 1078 1982 Sunt
1097 1940 1220 1984 enim

55 1993 138 2035 ista
155 2009 245 2038 non
262 2003 446 2038 naturae
467 1995 598 2050 vitia,
621 1994 700 2037 sed
719 1993 892 2052 culpae.
913 1997 933 2023 2
968 1995 1220 2040 stultitiam

106 2142 320 2185 fison-tuna
338 2144 448 2177 abest
470 2142 586 2177 codd.
610 2144 847 2178 Dan-ieiunis
867 2153 904 2178 et
923 2145 1024 2179 Pau.
1046 2149 1226 2194 quinque.

104 2189 145 2234 2)
172 2189 382 2223 Lambinus
402 2190 571 2224 malebat
582 2201 657 2224 non
670 2199 822 2226 naturae
837 2190 933 2230 vitia,
955 2190 1021 2226 ned
1031 2190 1229 2227 arultiiiao.

64 2247 145 2284 cac.
177 2247 273 2292 opp.
309 2246 412 2283 Tom.
439 2247 549 2282 MV.
1040 2236 1092 2279 13
