1503 2584
267 140 410 178 mmm
442 137 722 175 SECUNDUS.
771 138 874 174 cm).
902 146 937 182 3.
964 143 1003 184 4.
1153 150 1218 187 ης,

51 237 160 295 quid
179 233 322 278 literis
338 231 596 286 mandetur,
614 231 660 273 id
681 231 990 277 commendari
1010 233 1218 281 omnium

51 293 333 335 eruditorum
363 286 548 331 lectioni
580 288 749 330 decere.
826 288 952 344 Nec,
989 288 1026 330 si
1053 290 1100 332 id
1130 293 1217 349 ipsi

51 349 200 392 minus
223 353 242 376 ¹
278 343 490 401 consequi
518 358 779 402 possumus,
815 343 980 388 iccirco
998 346 1149 389 minus
1168 349 1216 392 id

50 407 115 447 ita
132 401 388 445 faciendum
409 413 502 442 esse
522 399 752 442 sentimus.
794 400 950 457 Itaque
969 401 1082 443 mihi
1100 417 1219 446 sem-

50 474 134 519 per
158 456 564 514 Peripateticorum
590 455 949 513 Academiaeque
978 460 1234 504 consuetu-¹

50 516 108 557 do
121 545 134 568 ‚
165 513 219 555 de
239 512 446 555 omnibus
466 512 598 554 rebus
618 511 669 553 in
686 512 933 555 contrarias
952 522 1101 570 partes
1130 515 1218 560 dig.

48 569 249 624 serendi,
293 583 385 610 non
416 568 474 610 ob
507 582 607 610 eam
633 582 813 610 causam
843 568 989 611 solum
1022 569 1221 632 placuit,

10 672 14 676 Α
51 627 173 682 quod
200 626 335 667 aliter
362 639 456 666 non
485 630 659 681 posset,
697 624 808 679 quid
833 625 882 666 in
911 639 1087 682 quaque
1117 635 1140 658 2
1169 645 1220 673 re

52 684 148 725 veri
169 681 315 729 simile
336 688 462 736 esset,
489 679 707 722 inveniri:
732 680 808 722 sed
825 681 958 722 etiam
970 683 1090 739 quod
1109 695 1224 729 esset

47 751 104 791 ‘ea
131 738 332 781 maxima
360 735 539 778 dicendi
565 735 858 791 exercitati03
890 751 977 794 qua
1005 739 1220 798 princeps

52 810 158 838 usus
193 802 259 837 est
293 792 580 847 Aristoteles,
625 791 786 834 deinde
823 807 928 835 eum
963 794 1043 850 qui
1076 800 1222 843 secuti

53 857 172 892 sunt.
237 849 407 890 Nostra
446 855 598 890 autem
632 848 851 891 memoria
885 849 1040 904 Philo,
1079 867 1222 909 quem

53 920 136 948 nos
165 905 428 962 frequenter
452 903 734 959 audivimus,
768 904 971 948 instituit.
990 906 1079 949 alio
1106 918 1224 952 tem-

52 977 165 1020 pore
193 960 431 1003 rhetorum
455 968 696 1017 praecepta
721 961 918 1016 tradere5
955 962 1044 1004 alio
1057 964 1222 1020 -philo-

53 1017 328 1073 sophorum,
366 1015 422 1057 ad
452 1030 586 1071 quam
611 1028 694 1057 nos
717 1017 1090 1061 consuetudinem
1112 1035 1137 1062 a
1154 1021 1224 1064 fa-

55 1072 309 1116 miliaribus
332 1073 496 1114 nostris
515 1069 721 1125 adducti,
744 1070 793 1112 in
805 1070 1078 1132 Tusculano,
1100 1079 1223 1133 quod

57 1130 212 1171 datum
224 1135 287 1171 est
304 1128 522 1185 temporis
541 1126 687 1180 nobis,
698 1127 747 1169 in
764 1142 818 1169 eo
841 1132 1219 1187 consumpsimus.

56 1185 211 1240 Itaque
248 1199 388 1240 quum
420 1190 522 1231 ante
552 1182 788 1224 meridiem
815 1183 1223 1243 dictionioperam

57 1241 356 1296 dedissemus,
392 1240 510 1281 sicut
526 1238 672 1296 pridie
691 1238 963 1282 feceramus:
999 1251 1102 1298 post
1126 1258 1224 1288 me.

55 1297 219 1339 ridiem
255 1297 302 1337 in
329 1296 625 1338 Academiam
663 1295 988 1338 descendimus,
1052 1298 1108 1343 In
1134 1316 1224 1357 qua

58 1352 408 1409 disputationem
452 1350 652 1392 habitam
695 1366 789 1392 non
824 1352 950 1407 quasi
988 1364 1225 1400 narrantes

57 1408 342 1465 exponimus,
362 1415 378 1448 3
406 1407 483 1449 sed
505 1405 674 1448 eisdem
691 1405 788 1450 fere
805 1407 969 1463 verbis,
987 1417 1039 1452 ut
1057 1420 1229 1472 actum3

57 1465 421 1523 disputatumque
442 1470 519 1506 est.

194 1577 278 1622 IV.
334 1576 418 1620 Est
458 1575 601 1633 igitur
635 1575 971 1622 ambulantibus
1008 1581 1065 1623 ad
1100 1581 1224 1628 huno

57 1634 247 1678 modum
267 1648 424 1677 sermo
453 1633 530 1675 ille
562 1633 692 1676 nobis
720 1634 978 1691 institutus,
1014 1646 1059 1680 et
1087 1653 1112 1681 a
1142 1641 1226 1683 tali

57 1692 253 1749 quodam
284 1691 445 1732 ductus
475 1693 497 1718 4
528 1689 731 1733 exordio.
796 1692 851 1732 A.
882 1691 988 1734 Dici
1020 1708 1114 1738 non
1143 1711 1226 1753 po-

59 1755 172 1804 test,
209 1762 344 1805 quam
371 1747 458 1789 sim
483 1746 693 1790 hesterna
717 1747 1022 1804 disputatione
1047 1758 1128 1795 tua
1149 1753 1228 1802 de-⁴

110 1944 149 1992 ι)
174 1944 239 1978 Ita
269 1946 414 1980 Davis.
447 1956 466 1976 e
495 1941 610 1979 codd.
643 1944 735 1991 Reg.
764 1942 873 1978 Med.
896 1943 999 1984 Ball.
1020 1945 1166 1983 Eliens.
1188 1954 1228 1992 3⁴

66 1989 189 2036 Vulgo
208 1990 236 2024 εἰ
258 1990 327 2035 ipsi
351 1991 483 2024 minua.

111 2041 146 2076 2)
176 2037 299 2083 Vulgo
322 2048 554 2083 unaquaque.
602 2036 678 2070 Sed
705 2035 870 2069 atteram
890 2037 1094 2074 lectionem
1115 2053 1229 2088 quam

53 2080 221 2129 firmant
239 2081 354 2117 codd.
376 2083 466 2126 Raeg.
490 2079 598 2116 Med.
629 2083 692 2117 El.
715 2094 750 2115 2.
771 2089 805 2123 5.
828 2083 931 2118 Ball.
951 2085 1123 2121 pectens.
1144 2099 1228 2122 cum

64 2131 234 2164 Davisio
255 2137 291 2161 et
317 2125 458 2172 Wolfio
481 2131 658 2166 orae-tuli.

108 2175 149 2220 3)
178 2171 357 2208 Boherius
378 2175 547 2208 malebat
577 2185 818 2220 exponemuu.

110 2227 152 2267 4)
180 2221 242 2254 Sic
270 2218 391 2264 Wolf.
413 2230 570 2254 auctore
591 2221 786 2256 Eme-uio.
810 2221 934 2270 Vulgo
956 2221 1147 2260 inductus.

66 2278 145 2317 Cic.
172 2278 268 2324 Opp.
302 2276 405 2313 Tom.
431 2278 541 2313 XIV.
1067 2271 1091 2311 8
