1503 2584
358 127 499 164 mmm
535 127 778 175 QmN'rUS.
822 129 941 178 *cm
969 124 1029 174 ι4.·
1209 143 1276 180 277

106 223 224 266 bona
253 219 410 264 dividit
435 221 675 276 tripertito.
734 221 827 278 Qui
855 221 974 264 enim
1002 223 1171 279 poterit
1197 234 1276 267 aut

106 278 306 336 corporis
324 277 551 332 firmitate,
582 285 659 319 aut
679 277 886 320 fortunae
907 279 1147 321 stabilitate
1166 296 1276 323 con-

104 329 276 377 fidere?
332 333 497 389 Atqui,
544 335 630 375 nisi
668 334 818 376 stabili
864 341 907 376 et
944 335 1038 377 fixo
1085 342 1130 377 et
1172 351 1274 392 per-

104 396 314 433 manente
333 389 469 442 bono,
501 390 656 431 beatus
675 405 766 431 esse
790 404 922 432 nemo
942 399 1100 448 potest.
1147 392 1269 445 Quid

104 460 212 503 ergo
240 445 462 487 eiusmodi
488 447 678 488 istorum
710 441 808 488 est?
845 454 897 488 ut
930 447 1045 488 mihi
1070 449 1271 491 Laconis

102 501 213 544 illud
244 501 417 543 dictum
451 502 500 543 in
530 501 608 544 hos
638 502 796 544 cadere
819 503 1046 547 videatur:
1077 505 1156 560 qui
1176 504 1273 560 glo-

100 557 234 600 rianti
254 557 432 599 cuidam
455 560 717 612 mercatori,
747 559 865 614 quod
891 559 1052 601 mullas
1072 558 1203 602 naves
1220 560 1269 603 in

102 627 282 656 omnem
306 628 432 655 oram
454 614 728 655 maritimam
751 614 1009 668 dimisisset,
1034 632 1134 658 non
1154 632 1273 658 sane

103 670 330 726 optabilis
368 670 560 726 qui-dem
596 672 715 715 ista,
767 670 936 726 inquit,
985 668 1269 714 r'mlenczssbus

102 725 462 784 apca'forcuna.
521 727 557 767 A
569 742 592 767 n
617 726 801 767 dubium
821 724 910 781 est,
942 729 1053 784 quin
1076 727 1191 769 nihil
1212 727 1270 769 sit

99 781 359 825 habendum
389 782 437 823 in
468 796 518 823 eo
550 797 738 836 genere,
779 797 867 837 quo
889 784 977 825 vita
998 783 1125 825 beata
1149 798 1273 826 com-

101 838 272 896 pletur,
303 847 316 870 ¹
350 838 388 880 si
414 837 461 880 id
492 840 624 894 possit
659 835 840 880 amitti?
898 838 1029 881 Nihil
1059 840 1176 882 enim
1201 840 1273 883 in-

100 902 395 950 tei-arescere,
433 894 547 936 nihil
575 894 827 950 exstingui,
865 895 983 937 nihfl
1014 896 1171 937 cadere
1194 897 1272 938 de-

101 951 178 993 bet
196 965 371 1004 eorum,
393 951 440 993 in
461 951 620 1007 quibus
639 951 728 992 vita
753 950 875 992 beata
897 952 1114 994 consistit.
1145 952 1270 995 Nam

103 1007 181 1063 qui
206 1007 408 1062 timebit,
445 1022 502 1049 ne
533 1008 641 1064 quid
669 1022 724 1049 ex
746 1007 813 1048 his
835 1007 1074 1064 deperdat,
1112 1008 1270 1051 beatus

102 1077 196 1105 esse
226 1079 318 1105 non
348 1064 528 1120 poterit.
604 1064 831 1107 Volumus
858 1063 1003 1121 enim,
1033 1079 1162 1119 eum,
1193 1066 1281 1122 qui

101 1120 258 1162 beatus
287 1120 365 1174 sit,
408 1127 557 1161 tulum
586 1135 703 1174 esse,
738 1120 1162 1177 inexpugnabilem,
1202 1136 1271 1163 se-

102 1184 232 1233 ptum
269 1184 399 1233 atque
429 1176 682 1232 munitum3
710 1184 726 1207 ²
756 1191 850 1219 non
887 1184 938 1217 ut
971 1192 1111 1233 parvo
1143 1186 1270 1220 metu

102 1233 332 1297 >praeditus
348 1232 432 1288 sit,
462 1232 539 1274 sed
559 1239 610 1274 ut
628 1233 767 1275 nullo.
826 1232 892 1274 Ut
911 1234 1033 1275 enim
1050 1233 1270 1276 innocens

100 1304 138 1331 Js
157 1289 346 1345 dicitur,
386 1303 478 1331 non
501 1290 579 1346 qui
600 1289 757 1332 leviter
778 1295 932 1342 nocet,
962 1291 1039 1332 sed
1058 1288 1135 1346 qui
1154 1290 1271 1332 nihii

101 1354 257 1388 nocet:
293 1347 353 1387 sic
381 1346 475 1388 sine
504 1354 630 1387 metu
654 1345 689 1387 is
713 1345 940 1388 habendus
961 1353 1048 1398 est,
1078 1361 1172 1387 non
1190 1347 1269 1402 qui

102 1417 265 1459 parum
293 1402 485 1457 metuit,
508 1409 525 1435 3
567 1403 642 1445 sed
671 1403 746 1459 qui
775 1402 961 1445 omnino
985 1410 1107 1443 metu
1128 1411 1268 1445 vacat.

103 1460 232 1510 Quae
257 1466 323 1500 est
350 1459 470 1500 enim
499 1459 585 1499 alia
615 1458 859 1512 fortitudo,
894 1459 981 1500 nisi
1005 1459 1143 1500 animi
1163 1458 1271 1501 affe-

104 1516 195 1557 ctio
222 1521 322 1555 tum
348 1515 397 1556 in
427 1514 633 1557 adeundo
654 1515 882 1572 pericuIO,
914 1515 1022 1556 etin
1043 1515 1195 1557 labore
1219 1530 1269 1556 ac

105 1572 261 1613 dolore
297 1572 495 1627 patienS,
542 1579 638 1613 tum
670 1571 828 1628 procul
868 1572 922 1612 ab
950 1573 1076 1613 omni
1108 1566 1269 1613 metu?

103 1628 253 1684 Atque
289 1627 399 1669 haec
437 1636 556 1670 certe
595 1642 689 1669 non
724 1628 786 1669 ita
817 1642 860 1669 se
891 1627 1135 1682 haberent,
1180 1627 1270 1669 nisi

103 1699 238 1726 omne
279 1685 447 1725 bonum
493 1684 541 1725 in
587 1700 675 1726 una
721 1683 956 1726 honesta-te
994 1683 1269 1726 consisteret.

104 1740 198 1796 Qui
233 1749 383 1796 autem
417 1739 541 1781 illam
570 1741 768 1782 maxime
797 1749 997 1797 optatam
1024 1747 1068 1782 et
1098 1740 1271 1796 expeti-

102 1805 194 1840 tam
218 1797 505 1840 securitatem
531 1795 843 1856 (securitatem
864 1803 1013 1838 autem
1041 1811 1163 1839 nunc
1191 1811 1269 1853 ap-

157 1981 195 2025 1)
220 1982 284 2016 Ῑια
304 1981 500 2016 Bentleius
523 1982 693 2016 corr-mic
711 1984 912 2027 vulgatum
934 1980 1206 2028 complectitln’·

153 2028 194 2074 2)
224 2027 343 2065 codd.
372 2028 479 2062 Med.
511 2038 545 2061 et
568 2029 661 2062 Bak.
692 2027 1011 2074 inexpugnabitem
1041 2038 1188 2074 semper
1216 2036 1270 2062 at·

109 2073 402 2154 ἓὲῗαὲονίοωηι,
437 2074 539 2122 quod
570 2077 733 2109 Davi-rio
758 2073 863 2107 haud
889 2073 1141 2120 spernendum
1159 2073 1269 2107 vide-

151 2168 193 2213 3)
223 2165 282 2200 Sic
301 2168 442 2202 Davie.
468 2181 487 2200 e
507 2169 603 2202 Mes.
627 2166 777 2201 fabric.
803 2166 987 2205 cantabr*
1009 2165 1110 2199 Ball.
1146 2165 1270 2210 Vulgo

126 2213 304 2261 egebatur
329 2226 437 2261 parva
457 2216 600 2248 metuit.
